<?xml version="1.0" encoding="UTF-8"?>
<!DOCTYPE html PUBLIC "-//W3C//DTD XHTML 1.0 Transitional//EN"
    "http://www.w3.org/TR/xhtml1/DTD/xhtml1-transitional.dtd">
<html xmlns="http://www.w3.org/1999/xhtml" xml:lang="en" lang="en">
 <head>
  <title>
</title>
<meta http-equiv="Content-Type" content="text/html;charset=utf-8" />
  <meta name='ocr-system' content='tesseract 3.04.00' />
  <meta name='ocr-capabilities' content='ocr_page ocr_carea ocr_par ocr_line ocrx_word'/>
</head>
<body>
  <div class='ocr_page' id='page_1' title='image "./sourcesforgreek00hillgoog_0294.png"; bbox 0 0 3000 5046; ppageno 0'>
   <div class='ocr_carea' id='block_1_1' title="bbox 223 381 1381 462">
    <p class='ocr_par' dir='ltr' id='par_1_1' title="bbox 223 381 1381 462">
     <span class='ocr_line' id='line_1_1' title="bbox 223 381 1381 462; baseline -0.001 -19"><span class='ocrx_word' id='word_1_1' title='bbox 223 384 285 462; x_wconf 82' lang='lat'>276</span> <span class='ocrx_word' id='word_1_2' title='bbox 651 381 984 443; x_wconf 73' lang='lat' dir='ltr'><em>BlooRAPchL.</em></span> <span class='ocrx_word' id='word_1_3' title='bbox 1248 390 1313 456; x_wconf 79' lang='lat' dir='ltr'><strong>[oh.</strong></span> <span class='ocrx_word' id='word_1_4' title='bbox 1326 394 1381 442; x_wconf 76' lang='grc' dir='ltr'>τι</span> 
     </span>
    </p>
   </div>
   <div class='ocr_carea' id='block_1_2' title="bbox 225 572 1380 769">
    <p class='ocr_par' dir='ltr' id='par_1_2' title="bbox 225 572 1380 769">
     <span class='ocr_line' id='line_1_2' title="bbox 225 572 1380 664; baseline -0.003 -21"><span class='ocrx_word' id='word_1_5' title='bbox 225 577 378 644; x_wconf 77' lang='lat' dir='ltr'><strong>defectio.</strong></span> <span class='ocrx_word' id='word_1_6' title='bbox 423 577 474 643; x_wconf 68' lang='lat'>01.</span> <span class='ocrx_word' id='word_1_7' title='bbox 502 580 553 644; x_wconf 90' lang='lat'>80.</span> <span class='ocrx_word' id='word_1_8' title='bbox 583 597 621 643; x_wconf 89' lang='lat'>1:</span> <span class='ocrx_word' id='word_1_9' title='bbox 644 579 862 664; x_wconf 68' lang='lat' dir='ltr'><strong>Anaxagoras</strong></span> <span class='ocrx_word' id='word_1_10' title='bbox 887 576 1039 641; x_wconf 77' lang='lat' dir='ltr'><strong>moritur.</strong></span> <span class='ocrx_word' id='word_1_11' title='bbox 1084 574 1177 641; x_wconf 71' lang='lat' dir='ltr'>Vere.</span> <span class='ocrx_word' id='word_1_12' title='bbox 1206 576 1300 640; x_wconf 82' lang='lat' dir='ltr'>Arm.</span> <span class='ocrx_word' id='word_1_13' title='bbox 1326 572 1380 640; x_wconf 82' lang='lat' dir='ltr'>Ol.</span> 
     </span>
     <span class='ocr_line' id='line_1_3' title="bbox 226 680 931 769; baseline -0.001 -23"><span class='ocrx_word' id='word_1_14' title='bbox 226 697 277 766; x_wconf 87' lang='lat'>79.</span> <span class='ocrx_word' id='word_1_15' title='bbox 294 703 333 769; x_wconf 84' lang='lat'>3:</span> <span class='ocrx_word' id='word_1_16' title='bbox 357 680 416 748; x_wconf 88' lang='lat' dir='ltr'>Sol</span> <span class='ocrx_word' id='word_1_17' title='bbox 431 681 560 748; x_wconf 54' lang='lat' dir='ltr'><strong>defeeih</strong></span> <span class='ocrx_word' id='word_1_18' title='bbox 603 682 823 768; x_wconf 67' lang='lat' dir='ltr'><strong>Anaxagoras</strong></span> <span class='ocrx_word' id='word_1_19' title='bbox 837 680 931 748; x_wconf 61' lang='lat' dir='ltr'>obiit„</span> 
     </span>
    </p>
   </div>
   <div class='ocr_carea' id='block_1_3' title="bbox 758 907 855 973">
    <p class='ocr_par' dir='ltr' id='par_1_3' title="bbox 758 907 855 973">
     <span class='ocr_line' id='line_1_4' title="bbox 758 907 855 973; baseline 0 -2"><span class='ocrx_word' id='word_1_20' title='bbox 758 907 855 973; x_wconf 82' lang='lat' dir='ltr'><strong><em>Zeno.</em></strong></span> 
     </span>
    </p>
   </div>
   <div class='ocr_carea' id='block_1_4' title="bbox 212 1044 1382 1648">
    <p class='ocr_par' dir='ltr' id='par_1_4' title="bbox 212 1044 1382 1440">
     <span class='ocr_line' id='line_1_5' title="bbox 269 1044 1381 1129; baseline -0.003 -18"><span class='ocrx_word' id='word_1_21' title='bbox 269 1057 342 1112; x_wconf 66' lang='lat'>124„</span> <span class='ocrx_word' id='word_1_22' title='bbox 365 1046 452 1112; x_wconf 82' lang='lat' dir='ltr'><strong>Plut.</strong></span> <span class='ocrx_word' id='word_1_23' title='bbox 475 1046 551 1113; x_wconf 74' lang='lat' dir='ltr'><strong><em>Per.</em></strong></span> <span class='ocrx_word' id='word_1_24' title='bbox 574 1066 613 1124; x_wconf 91' lang='lat'>4:</span> <span class='ocrx_word' id='word_1_25' title='bbox 646 1044 799 1126; x_wconf 81' lang='grc' dir='ltr'>Διήκουσε</span> <span class='ocrx_word' id='word_1_26' title='bbox 825 1047 859 1111; x_wconf 85' lang='grc' dir='ltr'>δέ</span> <span class='ocrx_word' id='word_1_27' title='bbox 888 1049 1040 1129; x_wconf 79' lang='grc' dir='ltr'>Περικλῆς</span> <span class='ocrx_word' id='word_1_28' title='bbox 1071 1044 1120 1111; x_wconf 77' lang='grc' dir='ltr'>καὶ</span> <span class='ocrx_word' id='word_1_29' title='bbox 1151 1044 1290 1126; x_wconf 83' lang='grc' dir='ltr'>Ζήνωνος</span> <span class='ocrx_word' id='word_1_30' title='bbox 1324 1047 1381 1108; x_wconf 83' lang='grc' dir='ltr'>τοῦ</span> 
     </span>
     <span class='ocr_line' id='line_1_6' title="bbox 224 1147 1382 1234; baseline -0.003 -20"><span class='ocrx_word' id='word_1_31' title='bbox 224 1149 374 1217; x_wconf 80' lang='grc' dir='ltr'>Ἐλεάτου</span> <span class='ocrx_word' id='word_1_32' title='bbox 394 1150 678 1234; x_wconf 80' lang='grc' dir='ltr'>πραγματευομένου</span> <span class='ocrx_word' id='word_1_33' title='bbox 701 1149 769 1233; x_wconf 84' lang='grc' dir='ltr'>περὶ</span> <span class='ocrx_word' id='word_1_34' title='bbox 793 1151 897 1233; x_wconf 80' lang='grc' dir='ltr'>φύσιν,</span> <span class='ocrx_word' id='word_1_35' title='bbox 917 1151 958 1218; x_wconf 81' lang='grc' dir='ltr'>ὦς</span> <span class='ocrx_word' id='word_1_36' title='bbox 978 1151 1178 1234; x_wconf 87' lang='grc' dir='ltr'>Παρμενίδης,</span> <span class='ocrx_word' id='word_1_37' title='bbox 1199 1147 1382 1231; x_wconf 74' lang='grc' dir='ltr'>ἐλεγκτικὴν</span> 
     </span>
     <span class='ocr_line' id='line_1_7' title="bbox 226 1251 1381 1339; baseline 0 -20"><span class='ocrx_word' id='word_1_38' title='bbox 226 1253 261 1319; x_wconf 88' lang='grc' dir='ltr'>δέ</span> <span class='ocrx_word' id='word_1_39' title='bbox 273 1281 342 1322; x_wconf 91' lang='grc' dir='ltr'>τινα</span> <span class='ocrx_word' id='word_1_40' title='bbox 357 1251 406 1319; x_wconf 78' lang='grc' dir='ltr'>καὶ</span> <span class='ocrx_word' id='word_1_41' title='bbox 426 1254 464 1320; x_wconf 88' lang='grc' dir='ltr'>δι’</span> <span class='ocrx_word' id='word_1_42' title='bbox 480 1255 655 1338; x_wconf 70' lang='grc' dir='ltr'>ἀπολογίας</span> <span class='ocrx_word' id='word_1_43' title='bbox 675 1255 916 1320; x_wconf 87' lang='grc' dir='ltr'>κατακλείουσαν</span> <span class='ocrx_word' id='word_1_44' title='bbox 938 1256 981 1322; x_wconf 87' lang='grc' dir='ltr'>είς</span> <span class='ocrx_word' id='word_1_45' title='bbox 1003 1255 1131 1339; x_wconf 78' lang='grc' dir='ltr'>ἀπορίαν</span> <span class='ocrx_word' id='word_1_46' title='bbox 1152 1251 1381 1333; x_wconf 75' lang='grc' dir='ltr'>ἐξασκήσαντος</span> 
     </span>
     <span class='ocr_line' id='line_1_8' title="bbox 212 1356 1115 1440; baseline 0.001 -18"><span class='ocrx_word' id='word_1_47' title='bbox 212 1356 300 1438; x_wconf 83' lang='grc' dir='ltr'>Ιέξιν,</span> <span class='ocrx_word' id='word_1_48' title='bbox 312 1360 416 1440; x_wconf 82' lang='grc' dir='ltr'>ὥσπερ</span> <span class='ocrx_word' id='word_1_49' title='bbox 432 1357 481 1424; x_wconf 75' lang='grc' dir='ltr'>καί</span> <span class='ocrx_word' id='word_1_50' title='bbox 495 1359 599 1438; x_wconf 83' lang='grc' dir='ltr'>Τίμων</span> <span class='ocrx_word' id='word_1_51' title='bbox 614 1360 631 1422; x_wconf 91' lang='grc' dir='ltr'>ά</span> <span class='ocrx_word' id='word_1_52' title='bbox 647 1357 798 1426; x_wconf 78' lang='grc' dir='ltr'>Φλιάσιος</span> <span class='ocrx_word' id='word_1_53' title='bbox 814 1359 913 1438; x_wconf 76' lang='grc' dir='ltr'>εἴρηκε</span> <span class='ocrx_word' id='word_1_54' title='bbox 928 1361 979 1423; x_wconf 82' lang='grc' dir='ltr'>διδ</span> <span class='ocrx_word' id='word_1_55' title='bbox 993 1357 1115 1423; x_wconf 77' lang='grc' dir='ltr'>τούτων·</span> 
     </span>
    </p>

    <p class='ocr_par' dir='ltr' id='par_1_5' title="bbox 356 1459 1235 1648">
     <span class='ocr_line' id='line_1_9' title="bbox 356 1459 1235 1546; baseline 0 -19"><span class='ocrx_word' id='word_1_56' title='bbox 356 1461 675 1545; x_wconf 81' lang='grc' dir='ltr'>Ἀμφοτερογλῶσσου</span> <span class='ocrx_word' id='word_1_57' title='bbox 696 1488 730 1527; x_wconf 93' lang='grc' dir='ltr'>τε</span> <span class='ocrx_word' id='word_1_58' title='bbox 750 1463 830 1546; x_wconf 92' lang='grc' dir='ltr'>μέγα</span> <span class='ocrx_word' id='word_1_59' title='bbox 853 1462 961 1529; x_wconf 86' lang='grc' dir='ltr'>σθένος</span> <span class='ocrx_word' id='word_1_60' title='bbox 985 1462 1037 1527; x_wconf 77' lang='grc' dir='ltr'>οὐκ</span> <span class='ocrx_word' id='word_1_61' title='bbox 1060 1459 1235 1528; x_wconf 79' lang='grc' dir='ltr'>ἀλαπαδνὸν</span> 
     </span>
     <span class='ocr_line' id='line_1_10' title="bbox 357 1564 882 1648; baseline 0.004 -20"><span class='ocrx_word' id='word_1_62' title='bbox 357 1564 505 1645; x_wconf 89' lang='grc' dir='ltr'>Ζήνωνος,</span> <span class='ocrx_word' id='word_1_63' title='bbox 527 1565 647 1631; x_wconf 82' lang='grc' dir='ltr'>πόντιον</span> <span class='ocrx_word' id='word_1_64' title='bbox 670 1564 882 1648; x_wconf 88' lang='grc' dir='ltr'>ἐπιλήπτορος.</span> 
     </span>
    </p>
   </div>
   <div class='ocr_carea' id='block_1_5' title="bbox 226 1683 1382 2288">
    <p class='ocr_par' dir='ltr' id='par_1_6' title="bbox 226 1683 1382 2288">
     <span class='ocr_line' id='line_1_11' title="bbox 270 1683 1382 1768; baseline -0.001 -17"><span class='ocrx_word' id='word_1_65' title='bbox 270 1695 342 1751; x_wconf 76' lang='lat'>125.</span> <span class='ocrx_word' id='word_1_66' title='bbox 372 1684 458 1752; x_wconf 78' lang='grc' dir='ltr'>Ριιι.</span> <span class='ocrx_word' id='word_1_67' title='bbox 481 1685 554 1751; x_wconf 72' lang='lat' dir='ltr'><strong><em>Alc.</em></strong></span> <span class='ocrx_word' id='word_1_68' title='bbox 577 1685 600 1751; x_wconf 87' lang='lat' dir='ltr'>i.</span> <span class='ocrx_word' id='word_1_69' title='bbox 626 1704 687 1768; x_wconf 88' lang='lat'>119</span> <span class='ocrx_word' id='word_1_70' title='bbox 709 1687 762 1750; x_wconf 80' lang='lat' dir='ltr'>A:</span> <span class='ocrx_word' id='word_1_71' title='bbox 801 1691 1031 1753; x_wconf 71' lang='grc' dir='ltr'>ΣΩΚΡΑΤΗΣ.</span> <span class='ocrx_word' id='word_1_72' title='bbox 1063 1684 1164 1752; x_wconf 73' lang='grc' dir='ltr'>’λκιο</span> <span class='ocrx_word' id='word_1_73' title='bbox 1189 1693 1251 1752; x_wconf 66' lang='grc' dir='ltr'>τοι</span> <span class='ocrx_word' id='word_1_74' title='bbox 1272 1683 1382 1750; x_wconf 68' lang='grc' dir='ltr'>οισι</span> 
     </span>
     <span class='ocr_line' id='line_1_12' title="bbox 226 1787 1382 1872; baseline -0.001 -19"><span class='ocrx_word' id='word_1_75' title='bbox 226 1789 395 1871; x_wconf 81' lang='grc' dir='ltr'>Ἀθηναίων</span> <span class='ocrx_word' id='word_1_76' title='bbox 416 1787 511 1870; x_wconf 80' lang='grc' dir='ltr'>ῆτόν</span> <span class='ocrx_word' id='word_1_77' title='bbox 534 1789 628 1868; x_wconf 84' lang='grc' dir='ltr'>ξένιον</span> <span class='ocrx_word' id='word_1_78' title='bbox 650 1796 758 1855; x_wconf 84' lang='grc' dir='ltr'>δοῦλον</span> <span class='ocrx_word' id='word_1_79' title='bbox 775 1788 794 1870; x_wconf 87' lang='grc' dir='ltr'>ῆ</span> <span class='ocrx_word' id='word_1_80' title='bbox 817 1792 976 1871; x_wconf 83' lang='grc' dir='ltr'>ἐλεύθερον</span> <span class='ocrx_word' id='word_1_81' title='bbox 998 1789 1076 1870; x_wconf 85' lang='grc' dir='ltr'>είπέ,</span> <span class='ocrx_word' id='word_1_82' title='bbox 1091 1791 1177 1859; x_wconf 78' lang='grc' dir='ltr'>ὅστις</span> <span class='ocrx_word' id='word_1_83' title='bbox 1194 1791 1292 1855; x_wconf 86' lang='grc' dir='ltr'>αίτίαυ</span> <span class='ocrx_word' id='word_1_84' title='bbox 1312 1790 1382 1872; x_wconf 88' lang='grc' dir='ltr'>ἐχει</span> 
     </span>
     <span class='ocr_line' id='line_1_13' title="bbox 227 1893 1381 1980; baseline -0.003 -21"><span class='ocrx_word' id='word_1_85' title='bbox 227 1898 278 1959; x_wconf 78' lang='grc' dir='ltr'>διὰ</span> <span class='ocrx_word' id='word_1_86' title='bbox 292 1894 348 1975; x_wconf 76' lang='grc' dir='ltr'>τὴν</span> <span class='ocrx_word' id='word_1_87' title='bbox 365 1893 546 1976; x_wconf 79' lang='grc' dir='ltr'>Περικλέους</span> <span class='ocrx_word' id='word_1_88' title='bbox 566 1895 730 1960; x_wconf 92' lang='grc' dir='ltr'>συνουσίαν</span> <span class='ocrx_word' id='word_1_89' title='bbox 745 1897 921 1979; x_wconf 76' lang='grc' dir='ltr'>σοφώτερος</span> <span class='ocrx_word' id='word_1_90' title='bbox 935 1896 1101 1980; x_wconf 86' lang='grc' dir='ltr'>γεγονέναι,</span> <span class='ocrx_word' id='word_1_91' title='bbox 1117 1897 1221 1976; x_wconf 77' lang='grc' dir='ltr'>ὥσπερ</span> <span class='ocrx_word' id='word_1_92' title='bbox 1240 1894 1300 1977; x_wconf 79' lang='grc' dir='ltr'>ἐγὼ</span> <span class='ocrx_word' id='word_1_93' title='bbox 1316 1894 1381 1976; x_wconf 81' lang='grc' dir='ltr'>έχω</span> 
     </span>
     <span class='ocr_line' id='line_1_14' title="bbox 227 1997 1382 2083; baseline 0.001 -21"><span class='ocrx_word' id='word_1_94' title='bbox 227 2022 279 2062; x_wconf 92' lang='grc' dir='ltr'>σοι</span> <span class='ocrx_word' id='word_1_95' title='bbox 302 2001 399 2063; x_wconf 83' lang='grc' dir='ltr'>είπεῖν</span> <span class='ocrx_word' id='word_1_96' title='bbox 421 1997 470 2064; x_wconf 80' lang='grc' dir='ltr'>διὰ</span> <span class='ocrx_word' id='word_1_97' title='bbox 492 1997 546 2079; x_wconf 81' lang='grc' dir='ltr'>τῆν</span> <span class='ocrx_word' id='word_1_98' title='bbox 561 1997 701 2077; x_wconf 81' lang='grc' dir='ltr'>Ζήνωνος</span> <span class='ocrx_word' id='word_1_99' title='bbox 717 2001 899 2083; x_wconf 83' lang='grc' dir='ltr'>Πυθόδωρον</span> <span class='ocrx_word' id='word_1_100' title='bbox 920 1999 974 2065; x_wconf 85' lang='grc' dir='ltr'>τὸν</span> <span class='ocrx_word' id='word_1_101' title='bbox 992 1999 1154 2082; x_wconf 86' lang='grc' dir='ltr'>Ἰσολόχου</span> <span class='ocrx_word' id='word_1_102' title='bbox 1175 2001 1224 2064; x_wconf 83' lang='grc' dir='ltr'>καί</span> <span class='ocrx_word' id='word_1_103' title='bbox 1239 1999 1382 2063; x_wconf 79' lang='grc' dir='ltr'>Καλλίαν</span> 
     </span>
     <span class='ocr_line' id='line_1_15' title="bbox 227 2101 1382 2184; baseline 0.005 -19"><span class='ocrx_word' id='word_1_104' title='bbox 227 2107 281 2167; x_wconf 84' lang='grc' dir='ltr'>τὸν</span> <span class='ocrx_word' id='word_1_105' title='bbox 298 2101 479 2178; x_wconf 79' lang='grc' dir='ltr'>Καλλιάδου,</span> <span class='ocrx_word' id='word_1_106' title='bbox 502 2104 544 2167; x_wconf 80' lang='grc' dir='ltr'>(δν</span> <span class='ocrx_word' id='word_1_107' title='bbox 564 2101 703 2184; x_wconf 77' lang='grc' dir='ltr'>ἑκάτερος</span> <span class='ocrx_word' id='word_1_108' title='bbox 721 2103 839 2182; x_wconf 89' lang='grc' dir='ltr'>Ζήνωνι</span> <span class='ocrx_word' id='word_1_109' title='bbox 854 2104 962 2170; x_wconf 78' lang='grc' dir='ltr'>ἑκατὸν</span> <span class='ocrx_word' id='word_1_110' title='bbox 982 2109 1058 2184; x_wconf 80' lang='grc' dir='ltr'>μνᾶς</span> <span class='ocrx_word' id='word_1_111' title='bbox 1075 2105 1205 2172; x_wconf 87' lang='grc' dir='ltr'>τελέσας</span> <span class='ocrx_word' id='word_1_112' title='bbox 1224 2104 1325 2184; x_wconf 87' lang='grc' dir='ltr'>σοφός</span> <span class='ocrx_word' id='word_1_113' title='bbox 1345 2127 1382 2166; x_wconf 77' lang='grc' dir='ltr'>τε</span> 
     </span>
     <span class='ocr_line' id='line_1_16' title="bbox 227 2202 605 2288; baseline -0.003 -19"><span class='ocrx_word' id='word_1_114' title='bbox 227 2202 277 2269; x_wconf 80' lang='grc' dir='ltr'>καὶ</span> <span class='ocrx_word' id='word_1_115' title='bbox 292 2207 456 2288; x_wconf 80' lang='grc' dir='ltr'>ἐλλόγιμος</span> <span class='ocrx_word' id='word_1_116' title='bbox 471 2205 605 2288; x_wconf 92' lang='grc' dir='ltr'>γέγονεν.</span> 
     </span>
    </p>
   </div>
   <div class='ocr_carea' id='block_1_6' title="bbox 718 2353 892 2420">
    <p class='ocr_par' dir='ltr' id='par_1_7' title="bbox 718 2353 892 2420">
     <span class='ocr_line' id='line_1_17' title="bbox 718 2353 892 2420; baseline 0.017 -3"><span class='ocrx_word' id='word_1_117' title='bbox 718 2353 892 2420; x_wconf 51' lang='lat' dir='ltr'>Phidias.</span> 
     </span>
    </p>
   </div>
   <div class='ocr_carea' id='block_1_7' title="bbox 228 2486 1382 2678">
    <p class='ocr_par' dir='ltr' id='par_1_8' title="bbox 228 2486 1382 2678">
     <span class='ocr_line' id='line_1_18' title="bbox 272 2486 1381 2578; baseline 0.002 -26"><span class='ocrx_word' id='word_1_118' title='bbox 272 2498 345 2552; x_wconf 77' lang='lat'>126.</span> <span class='ocrx_word' id='word_1_119' title='bbox 369 2486 435 2553; x_wconf 90' lang='lat' dir='ltr'>Dio</span> <span class='ocrx_word' id='word_1_120' title='bbox 451 2487 569 2575; x_wconf 76' lang='lat' dir='ltr'>Chrys.</span> <span class='ocrx_word' id='word_1_121' title='bbox 585 2489 643 2554; x_wconf 65' lang='lat' dir='ltr'>xii</span> <span class='ocrx_word' id='word_1_122' title='bbox 659 2505 712 2575; x_wconf 86' lang='lat'>55,</span> <span class='ocrx_word' id='word_1_123' title='bbox 725 2513 758 2578; x_wconf 89' lang='lat' dir='ltr'>p.</span> <span class='ocrx_word' id='word_1_124' title='bbox 770 2510 834 2569; x_wconf 86' lang='lat'>402</span> <span class='ocrx_word' id='word_1_125' title='bbox 844 2490 884 2554; x_wconf 91' lang='lat' dir='ltr'>R.</span> <span class='ocrx_word' id='word_1_126' title='bbox 898 2488 975 2574; x_wconf 85' lang='lat'>(242</span> <span class='ocrx_word' id='word_1_127' title='bbox 988 2488 1115 2578; x_wconf 86' lang='lat' dir='ltr'><strong>Emp.):</strong></span> <span class='ocrx_word' id='word_1_128' title='bbox 1138 2491 1221 2571; x_wconf 85' lang='grc' dir='ltr'>Πρὸς</span> <span class='ocrx_word' id='word_1_129' title='bbox 1235 2490 1272 2571; x_wconf 77' lang='grc' dir='ltr'>δή</span> <span class='ocrx_word' id='word_1_130' title='bbox 1286 2494 1381 2555; x_wconf 83' lang='grc' dir='ltr'>ταῦτα</span> 
     </span>
     <span class='ocr_line' id='line_1_19' title="bbox 228 2592 1382 2678; baseline 0.003 -22"><span class='ocrx_word' id='word_1_131' title='bbox 228 2598 320 2675; x_wconf 87' lang='grc' dir='ltr'>τυχὸν</span> <span class='ocrx_word' id='word_1_132' title='bbox 352 2594 431 2657; x_wconf 84' lang='grc' dir='ltr'>είποι</span> <span class='ocrx_word' id='word_1_133' title='bbox 457 2592 495 2657; x_wconf 83' lang='grc' dir='ltr'>ἂν</span> <span class='ocrx_word' id='word_1_134' title='bbox 519 2595 650 2674; x_wconf 81' lang='grc' dir='ltr'>Φειδίας,</span> <span class='ocrx_word' id='word_1_135' title='bbox 676 2594 730 2660; x_wconf 86' lang='grc' dir='ltr'>άτε</span> <span class='ocrx_word' id='word_1_136' title='bbox 756 2595 831 2678; x_wconf 79' lang='grc' dir='ltr'>ἀνὴρ</span> <span class='ocrx_word' id='word_1_137' title='bbox 857 2596 909 2660; x_wconf 77' lang='grc' dir='ltr'>οὐκ</span> <span class='ocrx_word' id='word_1_138' title='bbox 940 2595 1098 2677; x_wconf 85' lang='grc' dir='ltr'>ἀγλιοττος</span> <span class='ocrx_word' id='word_1_139' title='bbox 1127 2595 1195 2661; x_wconf 82' lang='grc' dir='ltr'>οὗδέ</span> <span class='ocrx_word' id='word_1_140' title='bbox 1221 2595 1382 2677; x_wconf 82' lang='grc' dir='ltr'>ἀγλιίττου</span> 
     </span>
    </p>
   </div>
   <div class='ocr_carea' id='block_1_8' title="bbox 228 2696 1366 2882">
    <p class='ocr_par' dir='ltr' id='par_1_9' title="bbox 228 2696 1366 2882">
     <span class='ocr_line' id='line_1_20' title="bbox 228 2696 1108 2783; baseline 0.006 -24"><span class='ocrx_word' id='word_1_141' title='bbox 228 2696 356 2772; x_wconf 89' lang='grc' dir='ltr'>πόλεως,</span> <span class='ocrx_word' id='word_1_142' title='bbox 372 2697 416 2761; x_wconf 90' lang='grc' dir='ltr'>ἐτι</span> <span class='ocrx_word' id='word_1_143' title='bbox 432 2698 464 2760; x_wconf 83' lang='grc' dir='ltr'>δέ</span> <span class='ocrx_word' id='word_1_144' title='bbox 480 2697 611 2776; x_wconf 85' lang='grc' dir='ltr'>συνήθης</span> <span class='ocrx_word' id='word_1_145' title='bbox 628 2699 677 2762; x_wconf 83' lang='grc' dir='ltr'>καὶ</span> <span class='ocrx_word' id='word_1_146' title='bbox 692 2702 807 2783; x_wconf 77' lang='grc' dir='ltr'>ἑταῖρος</span> <span class='ocrx_word' id='word_1_147' title='bbox 822 2699 1008 2782; x_wconf 78' lang='grc' dir='ltr'>Περικλέους</span> <span class='ocrx_word' id='word_1_148' title='bbox 1023 2706 1108 2764; x_wconf 79' lang='grc' dir='ltr'>κτλ.</span> 
     </span>
     <span class='ocr_line' id='line_1_21' title="bbox 272 2798 1366 2882; baseline 0.003 -19"><span class='ocrx_word' id='word_1_149' title='bbox 272 2798 339 2864; x_wconf 83' lang='lat' dir='ltr'>For</span> <span class='ocrx_word' id='word_1_150' title='bbox 353 2799 517 2866; x_wconf 78' lang='lat' dir='ltr'>Pheidias&#39;</span> <span class='ocrx_word' id='word_1_151' title='bbox 533 2802 721 2869; x_wconf 79' lang='lat' dir='ltr'>connexion</span> <span class='ocrx_word' id='word_1_152' title='bbox 735 2803 820 2868; x_wconf 81' lang='lat' dir='ltr'><strong>with</strong></span> <span class='ocrx_word' id='word_1_153' title='bbox 834 2802 893 2868; x_wconf 79' lang='lat' dir='ltr'>the</span> <span class='ocrx_word' id='word_1_154' title='bbox 910 2801 1108 2882; x_wconf 72' lang='lat' dir='ltr'><strong>Parthenon,</strong></span> <span class='ocrx_word' id='word_1_155' title='bbox 1123 2822 1176 2868; x_wconf 83' lang='grc' dir='ltr'>ςοο</span> <span class='ocrx_word' id='word_1_156' title='bbox 1191 2811 1252 2866; x_wconf 87' lang='lat' dir='ltr'>1v.</span> <span class='ocrx_word' id='word_1_157' title='bbox 1269 2812 1315 2868; x_wconf 86' lang='lat'>80</span> <span class='ocrx_word' id='word_1_158' title='bbox 1331 2810 1366 2866; x_wconf 78' lang='lat' dir='ltr'>ff.</span> 
     </span>
    </p>
   </div>
   <div class='ocr_carea' id='block_1_9' title="bbox 227 3029 1381 4463">
    <p class='ocr_par' dir='ltr' id='par_1_10' title="bbox 227 3029 1381 4463">
     <span class='ocr_line' id='line_1_22' title="bbox 704 3029 902 3097; baseline -0.005 -1"><span class='ocrx_word' id='word_1_159' title='bbox 704 3031 773 3096; x_wconf 61' lang='lat' dir='ltr'>Hia</span> <span class='ocrx_word' id='word_1_160' title='bbox 794 3029 902 3097; x_wconf 66' lang='lat' dir='ltr'><em>Tm&#39;al.</em></span> 
     </span>
     <span class='ocr_line' id='line_1_23' title="bbox 272 3130 613 3217; baseline 0.018 -24"><span class='ocrx_word' id='word_1_161' title='bbox 272 3141 342 3196; x_wconf 77' lang='lat'><strong>127.</strong></span> <span class='ocrx_word' id='word_1_162' title='bbox 365 3131 423 3199; x_wconf 86' lang='lat' dir='ltr'>Ar.</span> <span class='ocrx_word' id='word_1_163' title='bbox 437 3130 515 3197; x_wconf 79' lang='grc' dir='ltr'>Ραοι</span> <span class='ocrx_word' id='word_1_164' title='bbox 530 3137 613 3217; x_wconf 86' lang='lat'>605:</span> 
     </span>
     <span class='ocr_line' id='line_1_24' title="bbox 318 3236 1205 3321; baseline 0.011 -24"><span class='ocrx_word' id='word_1_165' title='bbox 318 3239 427 3319; x_wconf 83' lang='grc' dir='ltr'>Πρῶτα</span> <span class='ocrx_word' id='word_1_166' title='bbox 449 3240 506 3315; x_wconf 82' lang='grc' dir='ltr'>μὲν</span> <span class='ocrx_word' id='word_1_167' title='bbox 528 3236 586 3321; x_wconf 83' lang='grc' dir='ltr'>γὰρ</span> <span class='ocrx_word' id='word_1_168' title='bbox 607 3236 697 3320; x_wconf 83' lang='grc' dir='ltr'>ἦρξεν</span> <span class='ocrx_word' id='word_1_169' title='bbox 719 3239 792 3317; x_wconf 86' lang='grc' dir='ltr'>ἀτης</span> <span class='ocrx_word' id='word_1_170' title='bbox 814 3239 938 3305; x_wconf 80' lang='grc' dir='ltr'>Φειδίας</span> <span class='ocrx_word' id='word_1_171' title='bbox 960 3237 1076 3321; x_wconf 80' lang='grc' dir='ltr'>πράξας</span> <span class='ocrx_word' id='word_1_172' title='bbox 1099 3247 1205 3306; x_wconf 79' lang='grc' dir='ltr'>κακῶς·</span> 
     </span>
     <span class='ocr_line' id='line_1_25' title="bbox 316 3338 1176 3426; baseline 0.01 -24"><span class='ocrx_word' id='word_1_173' title='bbox 316 3338 383 3403; x_wconf 81' lang='grc' dir='ltr'>εἶτα</span> <span class='ocrx_word' id='word_1_174' title='bbox 405 3342 571 3421; x_wconf 82' lang='grc' dir='ltr'>Περικλέης</span> <span class='ocrx_word' id='word_1_175' title='bbox 595 3339 744 3424; x_wconf 82' lang='grc' dir='ltr'>φοβηθεὶς</span> <span class='ocrx_word' id='word_1_176' title='bbox 765 3341 807 3422; x_wconf 81' lang='grc' dir='ltr'>μῆ</span> <span class='ocrx_word' id='word_1_177' title='bbox 828 3341 978 3424; x_wconf 86' lang='grc' dir='ltr'>μετάσχοι</span> <span class='ocrx_word' id='word_1_178' title='bbox 1000 3345 1055 3420; x_wconf 93' lang='grc' dir='ltr'>τῆς</span> <span class='ocrx_word' id='word_1_179' title='bbox 1074 3343 1176 3426; x_wconf 72' lang='grc' dir='ltr'>τύχης,</span> 
     </span>
     <span class='ocr_line' id='line_1_26' title="bbox 316 3441 1210 3530; baseline 0.006 -24"><span class='ocrx_word' id='word_1_180' title='bbox 316 3445 371 3508; x_wconf 80' lang='grc' dir='ltr'>τὰς</span> <span class='ocrx_word' id='word_1_181' title='bbox 393 3443 502 3524; x_wconf 81' lang='grc' dir='ltr'>φύσεις</span> <span class='ocrx_word' id='word_1_182' title='bbox 523 3447 604 3524; x_wconf 76' lang='grc' dir='ltr'>ὑμῶν</span> <span class='ocrx_word' id='word_1_183' title='bbox 627 3446 767 3512; x_wconf 79' lang='grc' dir='ltr'>δεδοικὼς</span> <span class='ocrx_word' id='word_1_184' title='bbox 790 3441 838 3509; x_wconf 74' lang='grc' dir='ltr'>καὶ</span> <span class='ocrx_word' id='word_1_185' title='bbox 860 3445 914 3511; x_wconf 84' lang='grc' dir='ltr'>τὸν</span> <span class='ocrx_word' id='word_1_186' title='bbox 936 3444 1068 3526; x_wconf 77' lang='grc' dir='ltr'>αὐτοδὰξ</span> <span class='ocrx_word' id='word_1_187' title='bbox 1087 3447 1210 3530; x_wconf 84' lang='grc' dir='ltr'>τρόπον,</span> 
     </span>
     <span class='ocr_line' id='line_1_27' title="bbox 315 3547 1177 3631; baseline 0.007 -21"><span class='ocrx_word' id='word_1_188' title='bbox 315 3547 387 3628; x_wconf 85' lang='grc' dir='ltr'>πρὶν</span> <span class='ocrx_word' id='word_1_189' title='bbox 407 3552 516 3615; x_wconf 84' lang='grc' dir='ltr'>παθεῖν</span> <span class='ocrx_word' id='word_1_190' title='bbox 537 3575 566 3614; x_wconf 91' lang='grc' dir='ltr'>τι</span> <span class='ocrx_word' id='word_1_191' title='bbox 589 3555 688 3616; x_wconf 82' lang='grc' dir='ltr'>δεινὸν</span> <span class='ocrx_word' id='word_1_192' title='bbox 707 3551 805 3629; x_wconf 82' lang='grc' dir='ltr'>οὗτός,</span> <span class='ocrx_word' id='word_1_193' title='bbox 828 3548 975 3631; x_wconf 75' lang='grc' dir='ltr'>ἐξέφλεξε</span> <span class='ocrx_word' id='word_1_194' title='bbox 997 3550 1051 3631; x_wconf 81' lang='grc' dir='ltr'>τῆν</span> <span class='ocrx_word' id='word_1_195' title='bbox 1073 3552 1177 3629; x_wconf 86' lang='grc' dir='ltr'>πόλιν,</span> 
     </span>
     <span class='ocr_line' id='line_1_28' title="bbox 315 3651 1284 3737; baseline 0.004 -24"><span class='ocrx_word' id='word_1_196' title='bbox 315 3651 461 3731; x_wconf 76' lang='grc' dir='ltr'>ἐμβαλὸν</span> <span class='ocrx_word' id='word_1_197' title='bbox 478 3655 630 3735; x_wconf 82' lang='grc' dir='ltr'>σπινθῆρα</span> <span class='ocrx_word' id='word_1_198' title='bbox 650 3661 755 3736; x_wconf 80' lang='grc' dir='ltr'>μικρὸν</span> <span class='ocrx_word' id='word_1_199' title='bbox 777 3658 953 3737; x_wconf 79' lang='grc' dir='ltr'>Μεγαρικοῦ</span> <span class='ocrx_word' id='word_1_200' title='bbox 974 3653 1174 3736; x_wconf 67' lang='grc' dir='ltr'>ψηφίσματος</span> <span class='ocrx_word' id='word_1_201' title='bbox 1198 3662 1284 3718; x_wconf 90' lang='grc' dir='ltr'>κ.τ.λ.</span> 
     </span>
     <span class='ocr_line' id='line_1_29' title="bbox 274 3751 1381 3840; baseline 0.006 -22"><span class='ocrx_word' id='word_1_202' title='bbox 274 3751 382 3819; x_wconf 74' lang='lat' dir='ltr'><strong>Schol.</strong></span> <span class='ocrx_word' id='word_1_203' title='bbox 404 3754 531 3838; x_wconf 81' lang='grc' dir='ltr'>λέγουσι</span> <span class='ocrx_word' id='word_1_204' title='bbox 553 3756 589 3821; x_wconf 88' lang='grc' dir='ltr'>δέ</span> <span class='ocrx_word' id='word_1_205' title='bbox 604 3782 684 3825; x_wconf 91' lang='grc' dir='ltr'>τινες</span> <span class='ocrx_word' id='word_1_206' title='bbox 701 3758 741 3825; x_wconf 81' lang='grc' dir='ltr'>ὦς</span> <span class='ocrx_word' id='word_1_207' title='bbox 761 3758 884 3823; x_wconf 91' lang='grc' dir='ltr'>Φειδίου</span> <span class='ocrx_word' id='word_1_208' title='bbox 900 3762 953 3821; x_wconf 82' lang='grc' dir='ltr'>τοῦ</span> <span class='ocrx_word' id='word_1_209' title='bbox 969 3758 1216 3840; x_wconf 77' lang='grc' dir='ltr'>ἀγαλματοποιοῦ</span> <span class='ocrx_word' id='word_1_210' title='bbox 1236 3756 1381 3838; x_wconf 90' lang='grc' dir='ltr'>δόξαντος</span> 
     </span>
     <span class='ocr_line' id='line_1_30' title="bbox 229 3857 1380 3945; baseline 0.005 -23"><span class='ocrx_word' id='word_1_211' title='bbox 229 3857 485 3942; x_wconf 77' lang='grc' dir='ltr'>παραλογίζεσθαι</span> <span class='ocrx_word' id='word_1_212' title='bbox 500 3860 555 3939; x_wconf 76' lang='grc' dir='ltr'>τὴν</span> <span class='ocrx_word' id='word_1_213' title='bbox 570 3862 662 3927; x_wconf 93' lang='grc' dir='ltr'>πόλιν</span> <span class='ocrx_word' id='word_1_214' title='bbox 683 3858 731 3926; x_wconf 80' lang='grc' dir='ltr'>καὶ</span> <span class='ocrx_word' id='word_1_215' title='bbox 751 3859 1004 3945; x_wconf 88' lang='grc' dir='ltr'>φυγαδευθέντος,</span> <span class='ocrx_word' id='word_1_216' title='bbox 1018 3863 1035 3926; x_wconf 88' lang='grc' dir='ltr'>δ</span> <span class='ocrx_word' id='word_1_217' title='bbox 1050 3865 1203 3945; x_wconf 80' lang='grc' dir='ltr'>Περικλῆς</span> <span class='ocrx_word' id='word_1_218' title='bbox 1219 3869 1306 3926; x_wconf 90' lang='grc' dir='ltr'>κ.τ.λ.</span> <span class='ocrx_word' id='word_1_219' title='bbox 1322 3910 1330 3926; x_wconf 95' lang='grc'>.</span> <span class='ocrx_word' id='word_1_220' title='bbox 1347 3910 1355 3925; x_wconf 89' lang='grc'>.</span> <span class='ocrx_word' id='word_1_221' title='bbox 1372 3912 1380 3928; x_wconf 95' lang='grc'>.</span> 
     </span>
     <span class='ocr_line' id='line_1_31' title="bbox 227 3957 1379 4050; baseline 0.005 -26"><span class='ocrx_word' id='word_1_222' title='bbox 227 3957 355 4045; x_wconf 87' lang='grc' dir='ltr'>(ἀλογος</span> <span class='ocrx_word' id='word_1_223' title='bbox 375 3966 409 4029; x_wconf 85' lang='grc' dir='ltr'>δέ</span> <span class='ocrx_word' id='word_1_224' title='bbox 429 3963 570 4043; x_wconf 90' lang='grc' dir='ltr'>φαίνεται</span> <span class='ocrx_word' id='word_1_225' title='bbox 591 3964 611 4045; x_wconf 87' lang='grc' dir='ltr'>ή</span> <span class='ocrx_word' id='word_1_226' title='bbox 635 3967 710 4030; x_wconf 80' lang='grc' dir='ltr'>κατέι</span> <span class='ocrx_word' id='word_1_227' title='bbox 731 3964 915 4050; x_wconf 87' lang='grc' dir='ltr'>Περικλέους</span> <span class='ocrx_word' id='word_1_228' title='bbox 935 3967 1073 4045; x_wconf 83' lang='grc' dir='ltr'>ὑπόνοια,</span> <span class='ocrx_word' id='word_1_229' title='bbox 1098 3968 1175 4031; x_wconf 82' lang='grc' dir='ltr'>ἐπτά</span> <span class='ocrx_word' id='word_1_230' title='bbox 1198 3967 1281 4032; x_wconf 90' lang='grc' dir='ltr'>ἐτεσι</span> <span class='ocrx_word' id='word_1_231' title='bbox 1303 3967 1379 4047; x_wconf 66' lang='grc' dir='ltr'>πρά&lt;</span> 
     </span>
     <span class='ocr_line' id='line_1_32' title="bbox 229 4066 1381 4155; baseline 0.007 -28"><span class='ocrx_word' id='word_1_232' title='bbox 229 4087 318 4145; x_wconf 91' lang='grc' dir='ltr'>τερον</span> <span class='ocrx_word' id='word_1_233' title='bbox 336 4066 391 4143; x_wconf 89' lang='grc' dir='ltr'>τῆς</span> <span class='ocrx_word' id='word_1_234' title='bbox 413 4071 467 4130; x_wconf 81' lang='grc' dir='ltr'>τοῦ</span> <span class='ocrx_word' id='word_1_235' title='bbox 488 4068 622 4143; x_wconf 89' lang='grc' dir='ltr'>πολέμου</span> <span class='ocrx_word' id='word_1_236' title='bbox 645 4069 739 4152; x_wconf 82' lang='grc' dir='ltr'>ἀρχῆς</span> <span class='ocrx_word' id='word_1_237' title='bbox 756 4077 817 4135; x_wconf 79' lang='grc' dir='ltr'>τῶν</span> <span class='ocrx_word' id='word_1_238' title='bbox 836 4066 904 4150; x_wconf 87' lang='grc' dir='ltr'>περὶ</span> <span class='ocrx_word' id='word_1_239' title='bbox 930 4073 1056 4135; x_wconf 90' lang='grc' dir='ltr'>Φειδίαν</span> <span class='ocrx_word' id='word_1_240' title='bbox 1077 4069 1272 4155; x_wconf 86' lang='grc' dir='ltr'>γενομένων.)</span> <span class='ocrx_word' id='word_1_241' title='bbox 1318 4067 1381 4135; x_wconf 77' lang='lat' dir='ltr'>See</span> 
     </span>
     <span class='ocr_line' id='line_1_33' title="bbox 228 4174 728 4233; baseline 0.006 -1"><span class='ocrx_word' id='word_1_242' title='bbox 228 4174 291 4233; x_wconf 87' lang='lat' dir='ltr'>IV.</span> <span class='ocrx_word' id='word_1_243' title='bbox 308 4178 356 4233; x_wconf 87' lang='grc'>81.</span> <span class='ocrx_word' id='word_1_244' title='bbox 725 4202 728 4209; x_wconf 93' lang='grc'><em>·</em></span> 
     </span>
     <span class='ocr_line' id='line_1_34' title="bbox 273 4270 785 4359; baseline 0.014 -24"><span class='ocrx_word' id='word_1_245' title='bbox 273 4270 361 4337; x_wconf 50' lang='lat' dir='ltr'>Plu&amp;</span> <span class='ocrx_word' id='word_1_246' title='bbox 377 4271 455 4338; x_wconf 79' lang='lat' dir='ltr'><strong><em>Per.</em></strong></span> <span class='ocrx_word' id='word_1_247' title='bbox 471 4293 524 4359; x_wconf 81' lang='lat'>31.</span> <span class='ocrx_word' id='word_1_248' title='bbox 570 4274 631 4341; x_wconf 77' lang='lat' dir='ltr'>See</span> <span class='ocrx_word' id='word_1_249' title='bbox 651 4284 713 4340; x_wconf 88' lang='lat' dir='ltr'>IV.</span> <span class='ocrx_word' id='word_1_250' title='bbox 730 4287 785 4342; x_wconf 77' lang='lat'>82.</span> 
     </span>
     <span class='ocr_line' id='line_1_35' title="bbox 272 4372 771 4463; baseline 0.012 -24"><span class='ocrx_word' id='word_1_251' title='bbox 272 4372 370 4441; x_wconf 91' lang='lat' dir='ltr'><strong>Diod.</strong></span> <span class='ocrx_word' id='word_1_252' title='bbox 389 4375 448 4440; x_wconf 85' lang='lat' dir='ltr'><strong>xii.</strong></span> <span class='ocrx_word' id='word_1_253' title='bbox 464 4396 516 4463; x_wconf 85' lang='lat'>39.</span> <span class='ocrx_word' id='word_1_254' title='bbox 561 4377 622 4444; x_wconf 81' lang='lat' dir='ltr'>See</span> <span class='ocrx_word' id='word_1_255' title='bbox 638 4388 700 4445; x_wconf 89' lang='lat' dir='ltr'>IV.</span> <span class='ocrx_word' id='word_1_256' title='bbox 717 4391 771 4446; x_wconf 81' lang='grc'>93.</span> 
     </span>
    </p>
   </div>
   <div class='ocr_carea' id='block_1_10' title="bbox 271 4493 1380 4585">
    <p class='ocr_par' dir='ltr' id='par_1_11' title="bbox 271 4493 1380 4585">
     <span class='ocr_line' id='line_1_36' title="bbox 271 4493 1380 4585; baseline 0.007 -24"><span class='ocrx_word' id='word_1_257' title='bbox 271 4504 347 4562; x_wconf 74' lang='lat'>120.</span> <span class='ocrx_word' id='word_1_258' title='bbox 368 4493 504 4563; x_wconf 68' lang='lat' dir='ltr'>Suidm:</span> <span class='ocrx_word' id='word_1_259' title='bbox 527 4499 660 4579; x_wconf 90' lang='grc' dir='ltr'>Φειδίας,</span> <span class='ocrx_word' id='word_1_260' title='bbox 684 4500 937 4585; x_wconf 86' lang='grc' dir='ltr'>ἀγαλματοποιός·</span> <span class='ocrx_word' id='word_1_261' title='bbox 966 4499 999 4568; x_wconf 85' lang='grc' dir='ltr'>δς</span> <span class='ocrx_word' id='word_1_262' title='bbox 1025 4500 1225 4583; x_wconf 87' lang='grc' dir='ltr'>ἐλεφαντίνης</span> <span class='ocrx_word' id='word_1_263' title='bbox 1248 4497 1380 4580; x_wconf 76' lang='grc' dir='ltr'>Ἀθηνᾶς</span> 
     </span>
    </p>
   </div>
   <div class='ocr_carea' id='block_1_11' title="bbox 0 0 1506 5046">
    <p class='ocr_par' dir='ltr' id='par_1_12' title="bbox 0 0 1506 5046">
     <span class='ocr_line' id='line_1_37' title="bbox 0 0 1506 5046; baseline 0 0"><span class='ocrx_word' id='word_1_264' title='bbox 0 0 1506 5046; x_wconf 95' lang='lat' dir='ltr'> </span> 
     </span>
    </p>
   </div>
  </div>
 </body>
</html>
