<?xml version="1.0" encoding="UTF-8"?>
<!DOCTYPE html PUBLIC "-//W3C//DTD XHTML 1.0 Transitional//EN"
    "http://www.w3.org/TR/xhtml1/DTD/xhtml1-transitional.dtd">
<html xmlns="http://www.w3.org/1999/xhtml" xml:lang="en" lang="en">
 <head>
  <title>
</title>
<meta http-equiv="Content-Type" content="text/html;charset=utf-8" />
  <meta name='ocr-system' content='tesseract 3.04.00' />
  <meta name='ocr-capabilities' content='ocr_page ocr_carea ocr_par ocr_line ocrx_word'/>
</head>
<body>
  <div class='ocr_page' id='page_1' title='image "./sourcesforgreek00hillgoog/sourcesforgreek00hillgoog_0191.png"; bbox 0 0 3000 5046; ppageno 0'>
   <div class='ocr_carea' id='block_1_1' title="bbox 217 347 1367 429">
    <p class='ocr_par' dir='ltr' id='par_1_1' title="bbox 217 347 1367 429">
     <span class='ocr_line' id='line_1_1' title="bbox 217 347 1367 429; baseline 0.007 -23"><span class='ocrx_word' id='word_1_1' title='bbox 217 347 275 424; x_wconf 83' lang='lat'>176</span> <span class='ocrx_word' id='word_1_2' title='bbox 553 348 640 407; x_wconf 82' lang='lat' dir='ltr'>THE</span> <span class='ocrx_word' id='word_1_3' title='bbox 665 349 896 408; x_wconf 84' lang='grc' dir='ltr'><em>ΑΤΗΕΝῙΑΝ</em></span> <span class='ocrx_word' id='word_1_4' title='bbox 916 350 987 408; x_wconf 81' lang='lat' dir='ltr'>CIT</span> <span class='ocrx_word' id='word_1_5' title='bbox 990 349 1021 408; x_wconf 82' lang='lat' dir='ltr'>Y.</span> <span class='ocrx_word' id='word_1_6' title='bbox 1237 365 1367 429; x_wconf 71' lang='lat' dir='ltr'>[om</span> 
     </span>
    </p>
   </div>
   <div class='ocr_carea' id='block_1_2' title="bbox 212 544 1368 1772">
    <p class='ocr_par' dir='ltr' id='par_1_2' title="bbox 212 544 1368 1772">
     <span class='ocr_line' id='line_1_2' title="bbox 217 544 1368 632; baseline 0.003 -24"><span class='ocrx_word' id='word_1_7' title='bbox 217 544 391 625; x_wconf 91' lang='lat' dir='ltr'>deicerent,</span> <span class='ocrx_word' id='word_1_8' title='bbox 427 545 547 631; x_wconf 88' lang='lat' dir='ltr'>legatis</span> <span class='ocrx_word' id='word_1_9' title='bbox 583 544 825 611; x_wconf 70' lang='lat' dir='ltr'>Lacedaemone</span> <span class='ocrx_word' id='word_1_10' title='bbox 845 545 982 627; x_wconf 87' lang='lat' dir='ltr'>missis,</span> <span class='ocrx_word' id='word_1_11' title='bbox 1012 546 1070 632; x_wconf 90' lang='lat' dir='ltr'>qui</span> <span class='ocrx_word' id='word_1_12' title='bbox 1108 545 1368 632; x_wconf 70' lang='lat' dir='ltr'>interpellarent,</span> 
     </span>
     <span class='ocr_line' id='line_1_3' title="bbox 216 648 1367 734; baseline 0.002 -21"><span class='ocrx_word' id='word_1_13' title='bbox 216 649 387 734; x_wconf 79' lang='lat' dir='ltr'>respondit</span> <span class='ocrx_word' id='word_1_14' title='bbox 404 654 582 714; x_wconf 87' lang='lat' dir='ltr'>venturum</span> <span class='ocrx_word' id='word_1_15' title='bbox 596 669 631 714; x_wconf 90' lang='lat' dir='ltr'>se</span> <span class='ocrx_word' id='word_1_16' title='bbox 645 648 688 714; x_wconf 91' lang='lat' dir='ltr'>ad</span> <span class='ocrx_word' id='word_1_17' title='bbox 703 648 896 714; x_wconf 78' lang='lat' dir='ltr'>diluendam</span> <span class='ocrx_word' id='word_1_18' title='bbox 910 649 997 715; x_wconf 91' lang='lat' dir='ltr'>hanc</span> <span class='ocrx_word' id='word_1_19' title='bbox 1011 649 1310 715; x_wconf 80' lang='lat' dir='ltr'>existimationem:</span> <span class='ocrx_word' id='word_1_20' title='bbox 1334 656 1367 715; x_wconf 88' lang='lat' dir='ltr'>et</span> 
     </span>
     <span class='ocr_line' id='line_1_4' title="bbox 215 752 1365 839; baseline 0.002 -24"><span class='ocrx_word' id='word_1_21' title='bbox 215 753 369 837; x_wconf 89' lang='lat' dir='ltr'>pervenit</span> <span class='ocrx_word' id='word_1_22' title='bbox 398 752 683 818; x_wconf 77' lang='lat' dir='ltr'>lacedaemonem.</span> <span class='ocrx_word' id='word_1_23' title='bbox 727 752 776 817; x_wconf 89' lang='lat' dir='ltr'>ibi</span> <span class='ocrx_word' id='word_1_24' title='bbox 812 752 968 818; x_wconf 90' lang='lat' dir='ltr'>simulato</span> <span class='ocrx_word' id='word_1_25' title='bbox 1004 752 1120 818; x_wconf 91' lang='lat' dir='ltr'>morbo</span> <span class='ocrx_word' id='word_1_26' title='bbox 1156 752 1365 839; x_wconf 89' lang='lat' dir='ltr'>aliquantum</span> 
     </span>
     <span class='ocr_line' id='line_1_5' title="bbox 215 856 1365 943; baseline 0.002 -23"><span class='ocrx_word' id='word_1_27' title='bbox 215 856 376 941; x_wconf 88' lang='lat' dir='ltr'>temporis</span> <span class='ocrx_word' id='word_1_28' title='bbox 405 856 571 934; x_wconf 82' lang='lat' dir='ltr'>extraxit3</span> <span class='ocrx_word' id='word_1_29' title='bbox 610 861 645 922; x_wconf 92' lang='lat' dir='ltr'>et</span> <span class='ocrx_word' id='word_1_30' title='bbox 673 864 849 943; x_wconf 91' lang='lat' dir='ltr'>postquam</span> <span class='ocrx_word' id='word_1_31' title='bbox 879 856 1048 922; x_wconf 86' lang='lat' dir='ltr'>intellexit</span> <span class='ocrx_word' id='word_1_32' title='bbox 1079 862 1268 942; x_wconf 76' lang='lat' dir='ltr'>suspectam</span> <span class='ocrx_word' id='word_1_33' title='bbox 1296 878 1365 922; x_wconf 88' lang='lat' dir='ltr'>esse</span> 
     </span>
     <span class='ocr_line' id='line_1_6' title="bbox 214 959 1365 1046; baseline 0.001 -21"><span class='ocrx_word' id='word_1_34' title='bbox 214 960 520 1046; x_wconf 83' lang='lat' dir='ltr'>tergiversationem</span> <span class='ocrx_word' id='word_1_35' title='bbox 548 982 651 1037; x_wconf 88' lang='lat' dir='ltr'>suam,</span> <span class='ocrx_word' id='word_1_36' title='bbox 677 960 850 1026; x_wconf 79' lang='lat' dir='ltr'>contendit</span> <span class='ocrx_word' id='word_1_37' title='bbox 875 959 994 1024; x_wconf 86' lang='lat' dir='ltr'>falsum</span> <span class='ocrx_word' id='word_1_38' title='bbox 1022 959 1205 1045; x_wconf 81' lang='lat' dir='ltr'>(allatum)</span> <span class='ocrx_word' id='word_1_39' title='bbox 1236 961 1281 1025; x_wconf 88' lang='lat' dir='ltr'>ad</span> <span class='ocrx_word' id='word_1_40' title='bbox 1310 982 1365 1026; x_wconf 86' lang='lat' dir='ltr'>eoa</span> 
     </span>
     <span class='ocr_line' id='line_1_7' title="bbox 215 1063 1364 1150; baseline 0.001 -22"><span class='ocrx_word' id='word_1_41' title='bbox 215 1084 379 1130; x_wconf 86' lang='lat' dir='ltr'>rumorem</span> <span class='ocrx_word' id='word_1_42' title='bbox 403 1070 439 1128; x_wconf 92' lang='lat' dir='ltr'>et</span> <span class='ocrx_word' id='word_1_43' title='bbox 461 1064 602 1150; x_wconf 88' lang='lat' dir='ltr'>rogavit,</span> <span class='ocrx_word' id='word_1_44' title='bbox 618 1064 790 1129; x_wconf 91' lang='lat' dir='ltr'>mitterent</span> <span class='ocrx_word' id='word_1_45' title='bbox 809 1063 938 1149; x_wconf 87' lang='lat' dir='ltr'>aliquos</span> <span class='ocrx_word' id='word_1_46' title='bbox 953 1085 995 1128; x_wconf 86' lang='lat' dir='ltr'>ex</span> <span class='ocrx_word' id='word_1_47' title='bbox 1012 1063 1229 1150; x_wconf 89' lang='lat' dir='ltr'>principibus,</span> <span class='ocrx_word' id='word_1_48' title='bbox 1244 1064 1364 1150; x_wconf 91' lang='lat' dir='ltr'>quihus</span> 
     </span>
     <span class='ocr_line' id='line_1_8' title="bbox 215 1160 1364 1255; baseline 0 -21"><span class='ocrx_word' id='word_1_49' title='bbox 215 1168 385 1234; x_wconf 76' lang='lat' dir='ltr'>crederent</span> <span class='ocrx_word' id='word_1_50' title='bbox 396 1168 633 1234; x_wconf 91' lang='lat' dir='ltr'>demunitione</span> <span class='ocrx_word' id='word_1_51' title='bbox 649 1168 865 1233; x_wconf 83' lang='lat' dir='ltr'>Athenarum.</span> <span class='ocrx_word' id='word_1_52' title='bbox 910 1160 980 1233; x_wconf 88' lang='lat' dir='ltr'>suis</span> <span class='ocrx_word' id='word_1_53' title='bbox 995 1167 1113 1234; x_wconf 90' lang='lat' dir='ltr'>deinde</span> <span class='ocrx_word' id='word_1_54' title='bbox 1128 1168 1214 1234; x_wconf 92' lang='lat' dir='ltr'>clam</span> <span class='ocrx_word' id='word_1_55' title='bbox 1232 1169 1364 1255; x_wconf 89' lang='lat' dir='ltr'>scripsit</span> 
     </span>
     <span class='ocr_line' id='line_1_9' title="bbox 216 1271 1363 1358; baseline 0.002 -22"><span class='ocrx_word' id='word_1_56' title='bbox 216 1278 254 1337; x_wconf 92' lang='lat' dir='ltr'>ut</span> <span class='ocrx_word' id='word_1_57' title='bbox 269 1292 324 1337; x_wconf 90' lang='lat' dir='ltr'>eos</span> <span class='ocrx_word' id='word_1_58' title='bbox 339 1271 395 1358; x_wconf 93' lang='lat' dir='ltr'>qui</span> <span class='ocrx_word' id='word_1_59' title='bbox 412 1272 580 1338; x_wconf 91' lang='lat' dir='ltr'>venissent</span> <span class='ocrx_word' id='word_1_60' title='bbox 597 1272 786 1350; x_wconf 85' lang='lat' dir='ltr'>retinerent,</span> <span class='ocrx_word' id='word_1_61' title='bbox 802 1271 904 1337; x_wconf 92' lang='lat' dir='ltr'>donec</span> <span class='ocrx_word' id='word_1_62' title='bbox 915 1272 1047 1336; x_wconf 88' lang='lat' dir='ltr'>refectis</span> <span class='ocrx_word' id='word_1_63' title='bbox 1061 1274 1217 1358; x_wconf 89' lang='lat' dir='ltr'>operibus</span> <span class='ocrx_word' id='word_1_64' title='bbox 1228 1273 1363 1339; x_wconf 88' lang='lat' dir='ltr'>confite·</span> 
     </span>
     <span class='ocr_line' id='line_1_10' title="bbox 214 1375 1364 1462; baseline 0.001 -22"><span class='ocrx_word' id='word_1_65' title='bbox 214 1382 306 1442; x_wconf 89' lang='lat' dir='ltr'>retur</span> <span class='ocrx_word' id='word_1_66' title='bbox 345 1375 623 1450; x_wconf 76' lang='lat' dir='ltr'>Lacedaemoniis,</span> <span class='ocrx_word' id='word_1_67' title='bbox 654 1376 800 1440; x_wconf 90' lang='lat' dir='ltr'>munitas</span> <span class='ocrx_word' id='word_1_68' title='bbox 830 1397 899 1441; x_wconf 91' lang='lat' dir='ltr'>esse</span> <span class='ocrx_word' id='word_1_69' title='bbox 936 1375 1086 1441; x_wconf 86' lang='lat' dir='ltr'>Athenas</span> <span class='ocrx_word' id='word_1_70' title='bbox 1123 1397 1228 1462; x_wconf 92' lang='lat' dir='ltr'>neque</span> <span class='ocrx_word' id='word_1_71' title='bbox 1265 1376 1364 1442; x_wconf 87' lang='lat' dir='ltr'>aliter</span> 
     </span>
     <span class='ocr_line' id='line_1_11' title="bbox 214 1478 1362 1567; baseline 0.002 -23"><span class='ocrx_word' id='word_1_72' title='bbox 214 1478 377 1567; x_wconf 86' lang='lat' dir='ltr'>principes</span> <span class='ocrx_word' id='word_1_73' title='bbox 392 1502 505 1545; x_wconf 92' lang='lat' dir='ltr'>eorum</span> <span class='ocrx_word' id='word_1_74' title='bbox 521 1479 625 1545; x_wconf 90' lang='lat' dir='ltr'>redire</span> <span class='ocrx_word' id='word_1_75' title='bbox 646 1499 749 1565; x_wconf 91' lang='lat' dir='ltr'>posse,</span> <span class='ocrx_word' id='word_1_76' title='bbox 764 1502 864 1566; x_wconf 90' lang='lat' dir='ltr'>quam</span> <span class='ocrx_word' id='word_1_77' title='bbox 883 1481 955 1565; x_wconf 91' lang='lat' dir='ltr'>ipse</span> <span class='ocrx_word' id='word_1_78' title='bbox 972 1479 1127 1546; x_wconf 89' lang='lat' dir='ltr'>remissus</span> <span class='ocrx_word' id='word_1_79' title='bbox 1144 1479 1249 1546; x_wconf 90' lang='lat' dir='ltr'>foret:</span> <span class='ocrx_word' id='word_1_80' title='bbox 1273 1481 1362 1566; x_wconf 92' lang='lat' dir='ltr'>quod</span> 
     </span>
     <span class='ocr_line' id='line_1_12' title="bbox 213 1583 1362 1669; baseline 0.001 -21"><span class='ocrx_word' id='word_1_81' title='bbox 213 1583 310 1649; x_wconf 88' lang='lat' dir='ltr'>facile</span> <span class='ocrx_word' id='word_1_82' title='bbox 320 1583 557 1669; x_wconf 87' lang='lat' dir='ltr'>praestiterunt</span> <span class='ocrx_word' id='word_1_83' title='bbox 566 1584 823 1662; x_wconf 86' lang='lat' dir='ltr'>Lacedaemonii,</span> <span class='ocrx_word' id='word_1_84' title='bbox 832 1604 874 1648; x_wconf 88' lang='lat' dir='ltr'>ne</span> <span class='ocrx_word' id='word_1_85' title='bbox 887 1583 986 1648; x_wconf 91' lang='lat' dir='ltr'>unius</span> <span class='ocrx_word' id='word_1_86' title='bbox 996 1583 1170 1648; x_wconf 88' lang='lat' dir='ltr'>interitum</span> <span class='ocrx_word' id='word_1_87' title='bbox 1181 1584 1362 1650; x_wconf 92' lang='lat' dir='ltr'>multorum</span> 
     </span>
     <span class='ocr_line' id='line_1_13' title="bbox 212 1693 517 1772; baseline -0.003 -21"><span class='ocrx_word' id='word_1_88' title='bbox 212 1693 318 1753; x_wconf 88' lang='lat' dir='ltr'>morte</span> <span class='ocrx_word' id='word_1_89' title='bbox 332 1693 517 1772; x_wconf 83' lang='lat' dir='ltr'>pensarent.</span> 
     </span>
    </p>
   </div>
   <div class='ocr_carea' id='block_1_3' title="bbox 212 1806 1362 2209">
    <p class='ocr_par' dir='ltr' id='par_1_3' title="bbox 212 1806 1362 2209">
     <span class='ocr_line' id='line_1_14' title="bbox 256 1806 1362 1894; baseline 0.002 -21"><span class='ocrx_word' id='word_1_90' title='bbox 256 1820 300 1873; x_wconf 90' lang='lat'>11.</span> <span class='ocrx_word' id='word_1_91' title='bbox 324 1806 420 1874; x_wconf 82' lang='lat' dir='ltr'>Corn.</span> <span class='ocrx_word' id='word_1_92' title='bbox 434 1807 468 1872; x_wconf 91' lang='lat' dir='ltr'>N</span> <span class='ocrx_word' id='word_1_93' title='bbox 469 1829 519 1894; x_wconf 91' lang='lat' dir='ltr'>ep.</span> <span class='ocrx_word' id='word_1_94' title='bbox 532 1806 640 1874; x_wconf 73' lang='lat' dir='ltr'>Thena.</span> <span class='ocrx_word' id='word_1_95' title='bbox 651 1808 685 1871; x_wconf 91' lang='lat'>6:</span> <span class='ocrx_word' id='word_1_96' title='bbox 712 1807 806 1873; x_wconf 91' lang='lat' dir='ltr'>Idem</span> <span class='ocrx_word' id='word_1_97' title='bbox 821 1829 932 1874; x_wconf 89' lang='lat' dir='ltr'>muros</span> <span class='ocrx_word' id='word_1_98' title='bbox 947 1807 1199 1874; x_wconf 89' lang='lat' dir='ltr'>Atheniensium</span> <span class='ocrx_word' id='word_1_99' title='bbox 1214 1808 1362 1875; x_wconf 86' lang='lat' dir='ltr'>restituit</span> 
     </span>
     <span class='ocr_line' id='line_1_15' title="bbox 212 1911 1360 2000; baseline 0 -23"><span class='ocrx_word' id='word_1_100' title='bbox 212 1912 390 2000; x_wconf 87' lang='lat' dir='ltr'>praecipuo</span> <span class='ocrx_word' id='word_1_101' title='bbox 399 1911 625 1999; x_wconf 89' lang='lat' dir='ltr'>suopericulo.</span> <span class='ocrx_word' id='word_1_102' title='bbox 649 1932 792 1998; x_wconf 89' lang='lat' dir='ltr'>namque</span> <span class='ocrx_word' id='word_1_103' title='bbox 803 1911 1054 1978; x_wconf 77' lang='lat' dir='ltr'>lacedaemonii</span> <span class='ocrx_word' id='word_1_104' title='bbox 1064 1934 1197 1978; x_wconf 89' lang='lat' dir='ltr'>causam</span> <span class='ocrx_word' id='word_1_105' title='bbox 1207 1913 1360 1979; x_wconf 87' lang='lat' dir='ltr'>idoneam</span> 
     </span>
     <span class='ocr_line' id='line_1_16' title="bbox 212 2014 1360 2109; baseline 0.002 -29"><span class='ocrx_word' id='word_1_106' title='bbox 212 2016 304 2082; x_wconf 87' lang='lat' dir='ltr'>nacti</span> <span class='ocrx_word' id='word_1_107' title='bbox 327 2022 462 2102; x_wconf 88' lang='lat' dir='ltr'>propter</span> <span class='ocrx_word' id='word_1_108' title='bbox 480 2014 695 2109; x_wconf 82' lang='lat' dir='ltr'>harbarorum</span> <span class='ocrx_word' id='word_1_109' title='bbox 715 2016 1014 2101; x_wconf 70' lang='lat' dir='ltr'>excursionesque</span> <span class='ocrx_word' id='word_1_110' title='bbox 1033 2023 1192 2102; x_wconf 85' lang='lat' dir='ltr'>negarent</span> <span class='ocrx_word' id='word_1_111' title='bbox 1211 2024 1360 2102; x_wconf 90' lang='lat' dir='ltr'>oportere</span> 
     </span>
     <span class='ocr_line' id='line_1_17' title="bbox 212 2120 1360 2209; baseline -0.001 -21"><span class='ocrx_word' id='word_1_112' title='bbox 212 2127 308 2188; x_wconf 86' lang='lat' dir='ltr'>extra</span> <span class='ocrx_word' id='word_1_113' title='bbox 331 2122 593 2209; x_wconf 87' lang='lat' dir='ltr'>Peloponnesum</span> <span class='ocrx_word' id='word_1_114' title='bbox 618 2120 721 2186; x_wconf 89' lang='lat' dir='ltr'>ullam</span> <span class='ocrx_word' id='word_1_115' title='bbox 749 2121 864 2186; x_wconf 91' lang='lat' dir='ltr'>urbem</span> <span class='ocrx_word' id='word_1_116' title='bbox 887 2142 999 2186; x_wconf 87' lang='lat' dir='ltr'>muros</span> <span class='ocrx_word' id='word_1_117' title='bbox 1028 2120 1158 2198; x_wconf 87' lang='lat' dir='ltr'>hahere,</span> <span class='ocrx_word' id='word_1_118' title='bbox 1183 2143 1224 2185; x_wconf 93' lang='lat' dir='ltr'>ne</span> <span class='ocrx_word' id='word_1_119' title='bbox 1251 2128 1360 2187; x_wconf 88' lang='lat' dir='ltr'>essent</span> 
     </span>
    </p>
   </div>
   <div class='ocr_carea' id='block_1_4' title="bbox 72 2223 1359 2311">
    <p class='ocr_par' dir='ltr' id='par_1_4' title="bbox 72 2223 1359 2311">
     <span class='ocr_line' id='line_1_18' title="bbox 72 2223 1359 2311; baseline -0.002 -20"><span class='ocrx_word' id='word_1_120' title='bbox 72 2266 81 2283; x_wconf 89' lang='lat'><em>·</em></span> <span class='ocrx_word' id='word_1_121' title='bbox 211 2225 285 2293; x_wconf 90' lang='lat' dir='ltr'>loca</span> <span class='ocrx_word' id='word_1_122' title='bbox 302 2223 442 2304; x_wconf 89' lang='lat' dir='ltr'>munita,</span> <span class='ocrx_word' id='word_1_123' title='bbox 458 2246 542 2311; x_wconf 89' lang='lat' dir='ltr'>quae</span> <span class='ocrx_word' id='word_1_124' title='bbox 556 2224 666 2291; x_wconf 88' lang='lat' dir='ltr'>hostes</span> <span class='ocrx_word' id='word_1_125' title='bbox 685 2224 899 2310; x_wconf 88' lang='lat' dir='ltr'>possiderent,</span> <span class='ocrx_word' id='word_1_126' title='bbox 914 2224 1134 2289; x_wconf 84' lang='lat' dir='ltr'>Athenienses</span> <span class='ocrx_word' id='word_1_127' title='bbox 1149 2224 1359 2290; x_wconf 86' lang='lat' dir='ltr'>aedificantes</span> 
     </span>
    </p>
   </div>
   <div class='ocr_carea' id='block_1_5' title="bbox 202 2327 1359 4595">
    <p class='ocr_par' dir='ltr' id='par_1_5' title="bbox 202 2327 1359 4595">
     <span class='ocr_line' id='line_1_19' title="bbox 211 2327 1359 2415; baseline -0.001 -22"><span class='ocrx_word' id='word_1_128' title='bbox 211 2328 384 2414; x_wconf 89' lang='lat' dir='ltr'>prohibere</span> <span class='ocrx_word' id='word_1_129' title='bbox 404 2335 482 2394; x_wconf 90' lang='lat' dir='ltr'>sunt</span> <span class='ocrx_word' id='word_1_130' title='bbox 503 2328 623 2394; x_wconf 91' lang='lat' dir='ltr'>conati.</span> <span class='ocrx_word' id='word_1_131' title='bbox 668 2328 730 2393; x_wconf 90' lang='lat' dir='ltr'>hoc</span> <span class='ocrx_word' id='word_1_132' title='bbox 745 2328 843 2415; x_wconf 89' lang='lat' dir='ltr'>longe</span> <span class='ocrx_word' id='word_1_133' title='bbox 857 2327 925 2393; x_wconf 91' lang='lat' dir='ltr'>alio</span> <span class='ocrx_word' id='word_1_134' title='bbox 941 2328 1123 2414; x_wconf 89' lang='lat' dir='ltr'>spectabat,</span> <span class='ocrx_word' id='word_1_135' title='bbox 1137 2336 1236 2414; x_wconf 86' lang='lat' dir='ltr'>atque</span> <span class='ocrx_word' id='word_1_136' title='bbox 1251 2328 1359 2395; x_wconf 87' lang='lat' dir='ltr'>videri</span> 
     </span>
     <span class='ocr_line' id='line_1_20' title="bbox 210 2431 1359 2508; baseline 0 -10"><span class='ocrx_word' id='word_1_137' title='bbox 210 2432 377 2499; x_wconf 83' lang='lat' dir='ltr'>volebant.</span> <span class='ocrx_word' id='word_1_138' title='bbox 422 2431 640 2499; x_wconf 91' lang='lat' dir='ltr'>Athenienses</span> <span class='ocrx_word' id='word_1_139' title='bbox 664 2432 752 2497; x_wconf 90' lang='lat' dir='ltr'>enim</span> <span class='ocrx_word' id='word_1_140' title='bbox 777 2431 906 2497; x_wconf 90' lang='lat' dir='ltr'>duabus</span> <span class='ocrx_word' id='word_1_141' title='bbox 927 2432 1086 2508; x_wconf 91' lang='lat' dir='ltr'>victoriis,</span> <span class='ocrx_word' id='word_1_142' title='bbox 1102 2431 1311 2497; x_wconf 88' lang='lat' dir='ltr'>Marathonia</span> <span class='ocrx_word' id='word_1_143' title='bbox 1326 2438 1359 2498; x_wconf 91' lang='lat' dir='ltr'>et</span> 
     </span>
     <span class='ocr_line' id='line_1_21' title="bbox 212 2534 1358 2623; baseline -0.002 -21"><span class='ocrx_word' id='word_1_144' title='bbox 212 2536 402 2613; x_wconf 83' lang='lat' dir='ltr'>Salaminia,</span> <span class='ocrx_word' id='word_1_145' title='bbox 418 2542 548 2601; x_wconf 89' lang='lat' dir='ltr'>tantam</span> <span class='ocrx_word' id='word_1_146' title='bbox 562 2534 702 2623; x_wconf 88' lang='lat' dir='ltr'>gloriam</span> <span class='ocrx_word' id='word_1_147' title='bbox 713 2535 803 2623; x_wconf 92' lang='lat' dir='ltr'>apud</span> <span class='ocrx_word' id='word_1_148' title='bbox 815 2557 928 2602; x_wconf 91' lang='lat' dir='ltr'>omnes</span> <span class='ocrx_word' id='word_1_149' title='bbox 942 2542 1058 2623; x_wconf 86' lang='lat' dir='ltr'>gentes</span> <span class='ocrx_word' id='word_1_150' title='bbox 1073 2543 1168 2600; x_wconf 88' lang='lat' dir='ltr'>erant</span> <span class='ocrx_word' id='word_1_151' title='bbox 1183 2537 1358 2614; x_wconf 89' lang='lat' dir='ltr'>consecuti,</span> 
     </span>
     <span class='ocr_line' id='line_1_22' title="bbox 211 2638 1357 2727; baseline -0.001 -22"><span class='ocrx_word' id='word_1_152' title='bbox 211 2647 250 2705; x_wconf 88' lang='lat' dir='ltr'>ut</span> <span class='ocrx_word' id='word_1_153' title='bbox 273 2639 502 2727; x_wconf 85' lang='lat' dir='ltr'>intellegerent</span> <span class='ocrx_word' id='word_1_154' title='bbox 519 2640 770 2706; x_wconf 85' lang='lat' dir='ltr'>Lacedaemonii</span> <span class='ocrx_word' id='word_1_155' title='bbox 785 2641 825 2705; x_wconf 90' lang='lat' dir='ltr'>de</span> <span class='ocrx_word' id='word_1_156' title='bbox 846 2640 1036 2726; x_wconf 89' lang='lat' dir='ltr'>principatu</span> <span class='ocrx_word' id='word_1_157' title='bbox 1057 2638 1121 2704; x_wconf 91' lang='lat' dir='ltr'>sibi</span> <span class='ocrx_word' id='word_1_158' title='bbox 1142 2661 1218 2705; x_wconf 89' lang='lat' dir='ltr'>cum</span> <span class='ocrx_word' id='word_1_159' title='bbox 1232 2639 1273 2704; x_wconf 89' lang='lat' dir='ltr'>iis</span> <span class='ocrx_word' id='word_1_160' title='bbox 1288 2662 1357 2706; x_wconf 90' lang='lat' dir='ltr'>cer·</span> 
     </span>
     <span class='ocr_line' id='line_1_23' title="bbox 209 2743 1357 2831; baseline -0.003 -20"><span class='ocrx_word' id='word_1_161' title='bbox 209 2749 322 2811; x_wconf 89' lang='lat' dir='ltr'>tamen</span> <span class='ocrx_word' id='word_1_162' title='bbox 353 2743 431 2809; x_wconf 86' lang='lat' dir='ltr'>fore.</span> <span class='ocrx_word' id='word_1_163' title='bbox 479 2765 580 2831; x_wconf 88' lang='lat' dir='ltr'>quare</span> <span class='ocrx_word' id='word_1_164' title='bbox 604 2766 661 2810; x_wconf 93' lang='lat' dir='ltr'>eos</span> <span class='ocrx_word' id='word_1_165' title='bbox 689 2766 788 2830; x_wconf 89' lang='lat' dir='ltr'>quam</span> <span class='ocrx_word' id='word_1_166' title='bbox 821 2743 1062 2810; x_wconf 88' lang='lat' dir='ltr'>infirmissimos</span> <span class='ocrx_word' id='word_1_167' title='bbox 1093 2765 1161 2808; x_wconf 89' lang='lat' dir='ltr'>esse</span> <span class='ocrx_word' id='word_1_168' title='bbox 1191 2743 1357 2810; x_wconf 87' lang='lat' dir='ltr'>volebant.</span> 
     </span>
     <span class='ocr_line' id='line_1_24' title="bbox 210 2847 1357 2936; baseline 0 -22"><span class='ocrx_word' id='word_1_169' title='bbox 210 2854 385 2936; x_wconf 90' lang='lat' dir='ltr'>postquam</span> <span class='ocrx_word' id='word_1_170' title='bbox 423 2854 533 2913; x_wconf 92' lang='lat' dir='ltr'>autem</span> <span class='ocrx_word' id='word_1_171' title='bbox 570 2848 749 2913; x_wconf 90' lang='lat' dir='ltr'>audierunt</span> <span class='ocrx_word' id='word_1_172' title='bbox 783 2868 894 2913; x_wconf 88' lang='lat' dir='ltr'>muros</span> <span class='ocrx_word' id='word_1_173' title='bbox 924 2848 1017 2924; x_wconf 88' lang='lat' dir='ltr'>strui,</span> <span class='ocrx_word' id='word_1_174' title='bbox 1050 2847 1177 2933; x_wconf 86' lang='lat' dir='ltr'>legatos</span> <span class='ocrx_word' id='word_1_175' title='bbox 1209 2847 1357 2914; x_wconf 87' lang='lat' dir='ltr'>Athenas</span> 
     </span>
     <span class='ocr_line' id='line_1_25' title="bbox 210 2952 1356 3039; baseline 0.002 -23"><span class='ocrx_word' id='word_1_176' title='bbox 210 2952 380 3032; x_wconf 84' lang='lat' dir='ltr'>miserunt,</span> <span class='ocrx_word' id='word_1_177' title='bbox 390 2953 447 3039; x_wconf 90' lang='lat' dir='ltr'>qui</span> <span class='ocrx_word' id='word_1_178' title='bbox 462 2954 498 3018; x_wconf 91' lang='lat' dir='ltr'>id</span> <span class='ocrx_word' id='word_1_179' title='bbox 514 2953 585 3019; x_wconf 88' lang='lat' dir='ltr'>fieri</span> <span class='ocrx_word' id='word_1_180' title='bbox 602 2957 764 3018; x_wconf 88' lang='lat' dir='ltr'>vetarent.</span> <span class='ocrx_word' id='word_1_181' title='bbox 809 2952 862 3017; x_wconf 88' lang='lat' dir='ltr'>his</span> <span class='ocrx_word' id='word_1_182' title='bbox 877 2953 1108 3039; x_wconf 88' lang='lat' dir='ltr'>praesentibus</span> <span class='ocrx_word' id='word_1_183' title='bbox 1124 2952 1302 3030; x_wconf 91' lang='lat' dir='ltr'>desierunt,</span> <span class='ocrx_word' id='word_1_184' title='bbox 1318 2975 1356 3019; x_wconf 92' lang='lat' dir='ltr'>ac</span> 
     </span>
     <span class='ocr_line' id='line_1_26' title="bbox 209 3056 1355 3144; baseline -0.003 -22"><span class='ocrx_word' id='word_1_185' title='bbox 209 3078 244 3122; x_wconf 90' lang='lat' dir='ltr'>se</span> <span class='ocrx_word' id='word_1_186' title='bbox 258 3056 299 3122; x_wconf 92' lang='lat' dir='ltr'>de</span> <span class='ocrx_word' id='word_1_187' title='bbox 314 3079 353 3121; x_wconf 88' lang='lat' dir='ltr'>ea</span> <span class='ocrx_word' id='word_1_188' title='bbox 367 3080 402 3122; x_wconf 92' lang='lat' dir='ltr'>re</span> <span class='ocrx_word' id='word_1_189' title='bbox 418 3057 544 3144; x_wconf 89' lang='lat' dir='ltr'>legatos</span> <span class='ocrx_word' id='word_1_190' title='bbox 559 3056 602 3121; x_wconf 91' lang='lat' dir='ltr'>ad</span> <span class='ocrx_word' id='word_1_191' title='bbox 619 3079 673 3123; x_wconf 92' lang='lat' dir='ltr'>eos</span> <span class='ocrx_word' id='word_1_192' title='bbox 689 3056 846 3122; x_wconf 89' lang='lat' dir='ltr'>missuros</span> <span class='ocrx_word' id='word_1_193' title='bbox 858 3056 1026 3122; x_wconf 87' lang='lat' dir='ltr'>dixerunt.</span> <span class='ocrx_word' id='word_1_194' title='bbox 1056 3057 1142 3121; x_wconf 89' lang='lat' dir='ltr'>hanc</span> <span class='ocrx_word' id='word_1_195' title='bbox 1156 3056 1355 3143; x_wconf 83' lang='lat' dir='ltr'>legationem</span> 
     </span>
     <span class='ocr_line' id='line_1_27' title="bbox 208 3160 1356 3247; baseline -0.002 -21"><span class='ocrx_word' id='word_1_196' title='bbox 208 3161 355 3247; x_wconf 86' lang='lat' dir='ltr'>suscepit</span> <span class='ocrx_word' id='word_1_197' title='bbox 377 3160 619 3240; x_wconf 86' lang='lat' dir='ltr'>Themistocles,</span> <span class='ocrx_word' id='word_1_198' title='bbox 641 3166 676 3226; x_wconf 88' lang='lat' dir='ltr'>et</span> <span class='ocrx_word' id='word_1_199' title='bbox 697 3161 787 3227; x_wconf 88' lang='lat' dir='ltr'>solus</span> <span class='ocrx_word' id='word_1_200' title='bbox 809 3160 917 3247; x_wconf 88' lang='lat' dir='ltr'>primo</span> <span class='ocrx_word' id='word_1_201' title='bbox 942 3160 1109 3247; x_wconf 88' lang='lat' dir='ltr'>profectus</span> <span class='ocrx_word' id='word_1_202' title='bbox 1133 3164 1201 3225; x_wconf 90' lang='lat' dir='ltr'>est:</span> <span class='ocrx_word' id='word_1_203' title='bbox 1235 3160 1356 3246; x_wconf 90' lang='lat' dir='ltr'>reliqui</span> 
     </span>
     <span class='ocr_line' id='line_1_28' title="bbox 207 3263 1353 3350; baseline 0.002 -23"><span class='ocrx_word' id='word_1_204' title='bbox 207 3263 311 3350; x_wconf 84' lang='lat' dir='ltr'>legati</span> <span class='ocrx_word' id='word_1_205' title='bbox 337 3268 375 3329; x_wconf 88' lang='lat' dir='ltr'>ut</span> <span class='ocrx_word' id='word_1_206' title='bbox 401 3271 473 3329; x_wconf 89' lang='lat' dir='ltr'>tum</span> <span class='ocrx_word' id='word_1_207' title='bbox 497 3266 634 3344; x_wconf 89' lang='lat' dir='ltr'>exirent,</span> <span class='ocrx_word' id='word_1_208' title='bbox 660 3286 737 3331; x_wconf 92' lang='lat' dir='ltr'>cum</span> <span class='ocrx_word' id='word_1_209' title='bbox 760 3264 842 3330; x_wconf 85' lang='lat' dir='ltr'>satis</span> <span class='ocrx_word' id='word_1_210' title='bbox 865 3264 927 3330; x_wconf 90' lang='lat' dir='ltr'>alti</span> <span class='ocrx_word' id='word_1_211' title='bbox 949 3264 1075 3329; x_wconf 91' lang='lat' dir='ltr'>tuendo</span> <span class='ocrx_word' id='word_1_212' title='bbox 1099 3263 1186 3328; x_wconf 90' lang='lat' dir='ltr'>muri</span> <span class='ocrx_word' id='word_1_213' title='bbox 1211 3263 1353 3329; x_wconf 83' lang='lat' dir='ltr'>extruct&#39;</span> 
     </span>
     <span class='ocr_line' id='line_1_29' title="bbox 207 3366 1354 3455; baseline 0 -23"><span class='ocrx_word' id='word_1_214' title='bbox 207 3367 409 3446; x_wconf 83' lang='lat' dir='ltr'>viderentur,</span> <span class='ocrx_word' id='word_1_215' title='bbox 424 3370 606 3455; x_wconf 87' lang='lat' dir='ltr'>praecepit:</span> <span class='ocrx_word' id='word_1_216' title='bbox 641 3369 775 3433; x_wconf 91' lang='lat' dir='ltr'>interim</span> <span class='ocrx_word' id='word_1_217' title='bbox 790 3390 915 3447; x_wconf 90' lang='lat' dir='ltr'>omnes,</span> <span class='ocrx_word' id='word_1_218' title='bbox 928 3367 1016 3433; x_wconf 92' lang='lat' dir='ltr'>servi</span> <span class='ocrx_word' id='word_1_219' title='bbox 1036 3373 1136 3452; x_wconf 87' lang='lat' dir='ltr'>atque</span> <span class='ocrx_word' id='word_1_220' title='bbox 1150 3366 1255 3446; x_wconf 89' lang='lat' dir='ltr'>liberi,</span> <span class='ocrx_word' id='word_1_221' title='bbox 1271 3389 1354 3453; x_wconf 88' lang='lat' dir='ltr'>opus</span> 
     </span>
     <span class='ocr_line' id='line_1_30' title="bbox 207 3469 1356 3559; baseline -0.001 -22"><span class='ocrx_word' id='word_1_222' title='bbox 207 3472 360 3547; x_wconf 87' lang='lat' dir='ltr'>facerent,</span> <span class='ocrx_word' id='word_1_223' title='bbox 377 3495 484 3559; x_wconf 88' lang='lat' dir='ltr'>neque</span> <span class='ocrx_word' id='word_1_224' title='bbox 506 3473 567 3538; x_wconf 91' lang='lat' dir='ltr'>ulli</span> <span class='ocrx_word' id='word_1_225' title='bbox 590 3473 662 3539; x_wconf 92' lang='lat' dir='ltr'>loco</span> <span class='ocrx_word' id='word_1_226' title='bbox 684 3479 864 3558; x_wconf 88' lang='lat' dir='ltr'>parcerent,</span> <span class='ocrx_word' id='word_1_227' title='bbox 880 3472 951 3537; x_wconf 87' lang='lat' dir='ltr'>sive</span> <span class='ocrx_word' id='word_1_228' title='bbox 974 3493 1072 3550; x_wconf 88' lang='lat' dir='ltr'>sacer,</span> <span class='ocrx_word' id='word_1_229' title='bbox 1087 3471 1154 3535; x_wconf 84' lang='lat' dir='ltr'>siue</span> <span class='ocrx_word' id='word_1_230' title='bbox 1175 3469 1356 3556; x_wconf 77' lang='lat' dir='ltr'>profanus,</span> 
     </span>
     <span class='ocr_line' id='line_1_31' title="bbox 206 3574 1354 3663; baseline 0 -23"><span class='ocrx_word' id='word_1_231' title='bbox 206 3574 277 3641; x_wconf 90' lang='lat' dir='ltr'>sive</span> <span class='ocrx_word' id='word_1_232' title='bbox 299 3576 451 3663; x_wconf 87' lang='lat' dir='ltr'>privatus</span> <span class='ocrx_word' id='word_1_233' title='bbox 469 3583 561 3653; x_wconf 85' lang='lat' dir='ltr'>esset,</span> <span class='ocrx_word' id='word_1_234' title='bbox 578 3578 649 3641; x_wconf 93' lang='lat' dir='ltr'>sive</span> <span class='ocrx_word' id='word_1_235' title='bbox 670 3575 832 3662; x_wconf 90' lang='lat' dir='ltr'>publicus,</span> <span class='ocrx_word' id='word_1_236' title='bbox 853 3582 887 3641; x_wconf 91' lang='lat' dir='ltr'>et</span> <span class='ocrx_word' id='word_1_237' title='bbox 909 3574 1066 3661; x_wconf 91' lang='lat' dir='ltr'>undique,</span> <span class='ocrx_word' id='word_1_238' title='bbox 1088 3575 1177 3660; x_wconf 90' lang='lat' dir='ltr'>quod</span> <span class='ocrx_word' id='word_1_239' title='bbox 1199 3574 1354 3640; x_wconf 91' lang='lat' dir='ltr'>idoneum</span> 
     </span>
     <span class='ocr_line' id='line_1_32' title="bbox 206 3678 1354 3766; baseline -0.002 -22"><span class='ocrx_word' id='word_1_240' title='bbox 206 3679 250 3744; x_wconf 91' lang='lat' dir='ltr'>ad</span> <span class='ocrx_word' id='word_1_241' title='bbox 274 3678 490 3745; x_wconf 88' lang='lat' dir='ltr'>muniendum</span> <span class='ocrx_word' id='word_1_242' title='bbox 521 3684 688 3766; x_wconf 89' lang='lat' dir='ltr'>putarent,</span> <span class='ocrx_word' id='word_1_243' title='bbox 714 3685 937 3766; x_wconf 85' lang='lat' dir='ltr'>congererent.</span> <span class='ocrx_word' id='word_1_244' title='bbox 981 3700 1047 3764; x_wconf 91' lang='lat' dir='ltr'>quo</span> <span class='ocrx_word' id='word_1_245' title='bbox 1077 3678 1202 3743; x_wconf 87' lang='lat' dir='ltr'>sactum</span> <span class='ocrx_word' id='word_1_246' title='bbox 1232 3684 1291 3757; x_wconf 91' lang='lat' dir='ltr'>est,</span> <span class='ocrx_word' id='word_1_247' title='bbox 1315 3684 1354 3743; x_wconf 95' lang='lat' dir='ltr'>ut</span> 
     </span>
     <span class='ocr_line' id='line_1_33' title="bbox 206 3781 1353 3869; baseline 0.001 -23"><span class='ocrx_word' id='word_1_248' title='bbox 206 3781 462 3849; x_wconf 84' lang='lat' dir='ltr'>Atheniensium</span> <span class='ocrx_word' id='word_1_249' title='bbox 476 3783 563 3848; x_wconf 90' lang='lat' dir='ltr'>muri</span> <span class='ocrx_word' id='word_1_250' title='bbox 578 3806 618 3848; x_wconf 87' lang='lat' dir='ltr'>ex</span> <span class='ocrx_word' id='word_1_251' title='bbox 642 3783 770 3848; x_wconf 87' lang='lat' dir='ltr'>sacellis</span> <span class='ocrx_word' id='word_1_252' title='bbox 793 3782 1039 3869; x_wconf 91' lang='lat' dir='ltr'>sepulchrisque</span> <span class='ocrx_word' id='word_1_253' title='bbox 1061 3787 1259 3847; x_wconf 90' lang='lat' dir='ltr'>constarent.</span> <span class='ocrx_word' id='word_1_254' title='bbox 1305 3781 1353 3869; x_wconf 85' lang='lat'>(7)</span> 
     </span>
     <span class='ocr_line' id='line_1_34' title="bbox 205 3883 1353 3972; baseline -0.002 -21"><span class='ocrx_word' id='word_1_255' title='bbox 205 3883 441 3951; x_wconf 81' lang='lat' dir='ltr'>Themistocles</span> <span class='ocrx_word' id='word_1_256' title='bbox 464 3892 588 3966; x_wconf 90' lang='lat' dir='ltr'>autem,</span> <span class='ocrx_word' id='word_1_257' title='bbox 602 3893 640 3950; x_wconf 91' lang='lat' dir='ltr'>ut</span> <span class='ocrx_word' id='word_1_258' title='bbox 660 3887 936 3953; x_wconf 88' lang='lat' dir='ltr'>Lacedaemonem</span> <span class='ocrx_word' id='word_1_259' title='bbox 954 3885 1055 3967; x_wconf 87' lang='lat' dir='ltr'>venit,</span> <span class='ocrx_word' id='word_1_260' title='bbox 1071 3885 1161 3951; x_wconf 84' lang='lat' dir='ltr'>adire</span> <span class='ocrx_word' id='word_1_261' title='bbox 1183 3885 1226 3950; x_wconf 87' lang='lat' dir='ltr'>ad</span> <span class='ocrx_word' id='word_1_262' title='bbox 1249 3886 1353 3972; x_wconf 89' lang='lat' dir='ltr'>magi-</span> 
     </span>
     <span class='ocr_line' id='line_1_35' title="bbox 205 3988 1352 4076; baseline -0.001 -22"><span class='ocrx_word' id='word_1_263' title='bbox 205 3994 329 4054; x_wconf 86' lang='lat' dir='ltr'>stratus</span> <span class='ocrx_word' id='word_1_264' title='bbox 350 3989 469 4070; x_wconf 90' lang='lat' dir='ltr'>noluit,</span> <span class='ocrx_word' id='word_1_265' title='bbox 492 3996 527 4055; x_wconf 88' lang='lat' dir='ltr'>et</span> <span class='ocrx_word' id='word_1_266' title='bbox 554 3989 647 4055; x_wconf 89' lang='lat' dir='ltr'>dedit</span> <span class='ocrx_word' id='word_1_267' title='bbox 672 4012 805 4076; x_wconf 87' lang='lat' dir='ltr'>operam</span> <span class='ocrx_word' id='word_1_268' title='bbox 828 3996 866 4055; x_wconf 89' lang='lat' dir='ltr'>ut</span> <span class='ocrx_word' id='word_1_269' title='bbox 889 4011 988 4076; x_wconf 90' lang='lat' dir='ltr'>quam</span> <span class='ocrx_word' id='word_1_270' title='bbox 1010 3988 1201 4076; x_wconf 86' lang='lat' dir='ltr'>longissime</span> <span class='ocrx_word' id='word_1_271' title='bbox 1220 3995 1352 4074; x_wconf 91' lang='lat' dir='ltr'>tempus</span> 
     </span>
     <span class='ocr_line' id='line_1_36' title="bbox 205 4090 1352 4181; baseline 0.001 -25"><span class='ocrx_word' id='word_1_272' title='bbox 205 4090 348 4171; x_wconf 89' lang='lat' dir='ltr'>duceret,</span> <span class='ocrx_word' id='word_1_273' title='bbox 377 4113 510 4159; x_wconf 87' lang='lat' dir='ltr'>causam</span> <span class='ocrx_word' id='word_1_274' title='bbox 540 4094 763 4181; x_wconf 89' lang='lat' dir='ltr'>interponens,</span> <span class='ocrx_word' id='word_1_275' title='bbox 791 4116 826 4159; x_wconf 89' lang='lat' dir='ltr'>se</span> <span class='ocrx_word' id='word_1_276' title='bbox 856 4093 997 4180; x_wconf 88' lang='lat' dir='ltr'>collegas</span> <span class='ocrx_word' id='word_1_277' title='bbox 1034 4098 1232 4178; x_wconf 86' lang='lat' dir='ltr'>exspectare.</span> <span class='ocrx_word' id='word_1_278' title='bbox 1277 4115 1352 4159; x_wconf 91' lang='lat' dir='ltr'>cum</span> 
     </span>
     <span class='ocr_line' id='line_1_37' title="bbox 204 4195 1352 4284; baseline -0.003 -22"><span class='ocrx_word' id='word_1_279' title='bbox 204 4195 455 4262; x_wconf 84' lang='lat' dir='ltr'>Lacedaemonii</span> <span class='ocrx_word' id='word_1_280' title='bbox 479 4205 701 4283; x_wconf 90' lang='lat' dir='ltr'>quererentur,</span> <span class='ocrx_word' id='word_1_281' title='bbox 719 4219 802 4284; x_wconf 93' lang='lat' dir='ltr'>opus</span> <span class='ocrx_word' id='word_1_282' title='bbox 825 4197 1042 4263; x_wconf 87' lang='lat' dir='ltr'>nihilominus</span> <span class='ocrx_word' id='word_1_283' title='bbox 1064 4197 1136 4262; x_wconf 86' lang='lat' dir='ltr'>fieri</span> <span class='ocrx_word' id='word_1_284' title='bbox 1159 4217 1299 4283; x_wconf 90' lang='lat' dir='ltr'>eumque</span> <span class='ocrx_word' id='word_1_285' title='bbox 1315 4197 1352 4260; x_wconf 91' lang='lat' dir='ltr'>in</span> 
     </span>
     <span class='ocr_line' id='line_1_38' title="bbox 203 4299 1351 4388; baseline -0.001 -24"><span class='ocrx_word' id='word_1_286' title='bbox 203 4318 244 4364; x_wconf 90' lang='lat' dir='ltr'>ea</span> <span class='ocrx_word' id='word_1_287' title='bbox 271 4319 306 4364; x_wconf 91' lang='lat' dir='ltr'>re</span> <span class='ocrx_word' id='word_1_288' title='bbox 331 4300 443 4366; x_wconf 91' lang='lat' dir='ltr'>conari</span> <span class='ocrx_word' id='word_1_289' title='bbox 468 4301 591 4380; x_wconf 87' lang='lat' dir='ltr'>fallere,</span> <span class='ocrx_word' id='word_1_290' title='bbox 621 4302 756 4366; x_wconf 88' lang='lat' dir='ltr'>interim</span> <span class='ocrx_word' id='word_1_291' title='bbox 785 4301 905 4388; x_wconf 91' lang='lat' dir='ltr'>reliqui</span> <span class='ocrx_word' id='word_1_292' title='bbox 935 4300 1035 4387; x_wconf 86' lang='lat' dir='ltr'>legati</span> <span class='ocrx_word' id='word_1_293' title='bbox 1062 4304 1143 4365; x_wconf 88' lang='lat' dir='ltr'>sunt</span> <span class='ocrx_word' id='word_1_294' title='bbox 1171 4299 1351 4366; x_wconf 88' lang='lat' dir='ltr'>consecuti.</span> 
     </span>
     <span class='ocr_line' id='line_1_39' title="bbox 203 4402 1352 4490; baseline 0.001 -24"><span class='ocrx_word' id='word_1_295' title='bbox 203 4402 364 4490; x_wconf 85' lang='lat' dir='ltr'>aquibus</span> <span class='ocrx_word' id='word_1_296' title='bbox 388 4425 461 4470; x_wconf 91' lang='lat' dir='ltr'>cum</span> <span class='ocrx_word' id='word_1_297' title='bbox 484 4405 632 4472; x_wconf 89' lang='lat' dir='ltr'>audisset</span> <span class='ocrx_word' id='word_1_298' title='bbox 652 4427 721 4470; x_wconf 93' lang='lat' dir='ltr'>non</span> <span class='ocrx_word' id='word_1_299' title='bbox 740 4404 883 4470; x_wconf 91' lang='lat' dir='ltr'>multum</span> <span class='ocrx_word' id='word_1_300' title='bbox 899 4426 1069 4490; x_wconf 85' lang='lat' dir='ltr'>superesse</span> <span class='ocrx_word' id='word_1_301' title='bbox 1086 4404 1293 4482; x_wconf 86' lang='lat' dir='ltr'>munitionis,</span> <span class='ocrx_word' id='word_1_302' title='bbox 1308 4404 1352 4469; x_wconf 87' lang='lat' dir='ltr'>ad</span> 
     </span>
     <span class='ocr_line' id='line_1_40' title="bbox 202 4503 1351 4595; baseline 0.003 -25"><span class='ocrx_word' id='word_1_303' title='bbox 202 4503 341 4592; x_wconf 87' lang='lat' dir='ltr'>ephoros</span> <span class='ocrx_word' id='word_1_304' title='bbox 364 4507 696 4575; x_wconf 81' lang='lat' dir='ltr'>lacedaemoniorum</span> <span class='ocrx_word' id='word_1_305' title='bbox 715 4509 863 4585; x_wconf 89' lang='lat' dir='ltr'>accessit,</span> <span class='ocrx_word' id='word_1_306' title='bbox 882 4529 982 4595; x_wconf 90' lang='lat' dir='ltr'>penes</span> <span class='ocrx_word' id='word_1_307' title='bbox 1002 4529 1084 4595; x_wconf 88' lang='lat' dir='ltr'>quos</span> <span class='ocrx_word' id='word_1_308' title='bbox 1099 4529 1265 4574; x_wconf 92' lang='lat' dir='ltr'>summum</span> <span class='ocrx_word' id='word_1_309' title='bbox 1280 4514 1351 4573; x_wconf 89' lang='lat' dir='ltr'>erat</span> 
     </span>
    </p>
   </div>
   <div class='ocr_carea' id='block_1_6' title="bbox 0 0 1504 5046">
    <p class='ocr_par' dir='ltr' id='par_1_6' title="bbox 0 0 1504 5046">
     <span class='ocr_line' id='line_1_41' title="bbox 0 0 1504 5046; baseline 0 5"><span class='ocrx_word' id='word_1_310' title='bbox 0 0 1504 5046; x_wconf 95' lang='lat' dir='ltr'> </span> 
     </span>
    </p>
   </div>
  </div>
 </body>
</html>
