3000 5046
133 411 276 476 iss-164]
449 402 535 460 THE
563 401 772 460 WESTERN
797 401 974 460 GREEKS.
1226 415 1286 478 345

135 598 255 680 ἐγένετο
270 601 401 664 παιδικά.
448 602 477 662 οῖ
495 601 527 661 δέ
549 599 670 678 ἔφασαν
690 598 827 678 μαθητὴν
841 599 1019 677 Τηλαύγους
1035 603 1088 660 τοῦ
1104 598 1285 680 Πυθαγόρου

134 704 200 764 υἱοῦ
237 703 290 766 τὸν
318 702 526 782 Ἐμπεδοκλέα
559 700 713 784 γενέσθαι.
771 701 1003 783 Ἀκραγαντῖνος
1037 699 1077 779 δέ,
1111 702 1285 782 φιλόσοφος

135 812 265 885 φυσικὸς
280 809 329 870 καὶ
345 807 497 872 ἐποποιός.

178 945 252 998 160.
276 933 379 998 Arist.
402 933 478 997 Met.
500 934 523 997 i.
541 953 570 1018 3.
587 955 616 1015 9.
633 932 697 1017 984
711 953 732 996 a
751 951 785 995 11
803 956 810 994 ι
845 932 1050 1015 Ἀναξαγόρας
1072 937 1105 998 δέ
1128 933 1144 994 6
1167 933 1284 1010 Κλαζο-

133 1037 233 1115 μένιος
255 1041 290 1124 τῇ
312 1040 368 1116 μὲν
389 1037 493 1122 ἡλικίᾳ
515 1038 658 1118 πρότερος
679 1036 722 1099 ὢν
740 1037 845 1100 τούτου
864 1036 930 1121 (τοῦ
945 1033 1206 1121 Ἐμπεδοκλέους),
1223 1041 1284 1100 τοῖς

135 1141 160 1203 δ’
177 1142 275 1222 ἔργοις
291 1143 415 1221 ὕστερος
432 1149 516 1206 κ.τ.λ.

177 1271 244 1324 161.
269 1259 386 1346 Simpl.
402 1260 444 1324 ότι
459 1259 558 1344 Phys.
572 1280 603 1345 p.
622 1277 672 1340 25.
686 1261 716 1338 6,
733 1280 765 1324 v.
781 1279 838 1342 19:
863 1261 903 1324 Οί
919 1260 952 1322 δέ
966 1258 1110 1340 τέτταρας
1125 1257 1285 1342 (λέγουσιν

135 1363 254 1450 ὀρχάς),
284 1365 322 1430 ὡς
353 1365 562 1444 Ἐμπεδοκλῆς
592 1365 609 1426 6
635 1364 876 1446 Ἀκραγαντῖνος,
903 1363 938 1426 οὗ
968 1362 1047 1426 πολὺ
1077 1365 1203 1427 κατόπιν
1232 1368 1286 1425 τοῦ

133 1467 338 1551 Ἀναξαγόρου
360 1469 502 1551 γεγονός,
525 1471 715 1550 Παρμενίδου
737 1472 769 1533 δέ
793 1469 927 1546 ζηλωτὴς
949 1465 997 1530 καὶ
1020 1465 1214 1546 πλησιαστῆς
1237 1463 1285 1529 καί

136 1574 179 1636 έτι
193 1577 312 1652 μᾶλλον
328 1581 388 1638 τῶν
405 1575 623 1654 Πυθαγορείων.

177 1703 249 1756 162.
273 1692 500 1780 Olympiodor.
512 1692 644 1776 Ρνοίαρ.
656 1691 699 1756 ιἰι
710 1691 812 1756 Schol.
824 1691 872 1756 αιί
882 1691 972 1756 Ρίαί.
986 1691 1148 1774 θονρίαιιι
1163 1689 1285 1780 (Sturz,

135 1795 353 1879 Empedocles,
362 1818 394 1883 p.
405 1794 479 1880 34):
495 1794 566 1860 Ἐπί
576 1803 635 1860 τῶν
645 1797 744 1860 αὐτῶν
752 1797 870 1879 χρόνων
879 1795 959 1876 ῆσαν
970 1797 987 1858 6
997 1799 1052 1875 μέν
1064 1797 1223 1876 Σωκράτης
1236 1792 1286 1860 ἐπί

135 1904 187 1978 τῆς
204 1899 250 1978 ο(
265 1902 449 1979 ὀλυμπιάδος
465 1901 505 1986 τῷ
518 1898 558 1983 ιγ’
573 1898 645 1986 (leq.
657 1898 699 1986 γ’)
716 1901 784 1964 έτει·
810 1902 826 1963 6
842 1903 873 1964 δὲ
885 1901 1092 1979 Ἐμπεδοκλῆς
1107 1900 1124 1961 6
1145 1898 1285 1981 Πυθαγό-

133 2007 252 2084 ρειος,ὁ
268 2007 451 2071 διδάσκαλος
466 2005 600 2085 Γοργίου,
614 2005 776 2084 ἐφοίτησεν
789 2004 859 2085 παρ’
875 2001 961 2089 αὐτῷ.
995 2005 1098 2080 ἆμέλει
1112 2001 1159 2066 καὶ
1174 2001 1286 2083 γράφει

136 2108 296 2188 ὀΓοργίας
318 2114 383 2187 περὶ
408 2108 530 2189 φύσεως
556 2108 737 2190 σύγγραμμα
757 2109 809 2172 οὐκ
830 2109 982 2190 ἄκομψον,
997 2107 1033 2195 τῆ
1047 2104 1099 2172 πδ’
1112 2106 1285 2184 ὀλυμπιάδι.

135 2213 214 2274 ὥστε
231 2209 276 2287 κη’
291 2212 392 2276 έτεσιν
408 2209 426 2290 ῆ
450 2212 546 2296 ὀλίγῳ
561 2211 704 2275 πλείοσιν
720 2211 796 2275 εῖναι
812 2218 930 2289 πρῶτον
945 2208 1042 2297 (fort.
1060 2205 1218 2294 πρότερον)
1233 2215 1286 2272 τὸν

137 2315 306 2395 Σωκράτην.
351 2314 454 2381 άλλως
472 2340 505 2379 τε
524 2312 622 2400 (fosi.
640 2311 686 2401 δὲ)
701 2317 799 2395 φησὶν
821 2318 854 2378 ἐν
872 2316 913 2400 τῷ
932 2313 1091 2400 Θεαιτήτῳ
1112 2316 1129 2378 6
1146 2313 1287 2391 Πλάτων,

136 2420 181 2481 ότι
198 2418 264 2483 νέος
275 2418 318 2483 δν
330 2419 434 2507 κομιδῆ
444 2419 586 2502 ἐνέτυχον
596 2421 770 2506 Παρμενίδῃ
783 2421 847 2484 ὄντι
863 2420 941 2483 πάνυ
957 2421 1114 2505 πρεσβύτῃ
1130 2467 1138 2483 .
1155 2467 1162 2482 .
1179 2417 1285 2483 miros

135 2526 167 2585 δὲ
184 2524 200 2585 6
222 2524 411 2604 Παρμενίδης
433 2522 615 2589 διδάσκαλος
630 2523 750 2605 ἐγένετο
765 2522 1083 2605 Ἐμπεδοκλέους,τοῦ
1103 2521 1287 2585 διδασκάλου

136 2626 270 2707 Γοργίου.

178 2756 250 2810 los.
273 2746 436 2810 Eusebius
463 2742 575 2832 (δ’γτιο.
598 2744 674 2824 484.
698 2743 751 2833 2):
785 2745 994 2827 Ἐμπεδοκλῆς
1021 2743 1070 2809 καί
1096 2747 1286 2826 Παρμενίδης

135 2848 258 2929 φυσικοί
281 2852 451 2931 φιλόσοφοι
474 2850 679 2933 ἐγνωρίζοντο.
722 2848 859 2915 Hieron.
877 2848 927 2914 Ol.
945 2849 1049 2912 81.1;
1072 2847 1286 2933 Empedocles

136 2960 169 3016 et
187 2953 399 3019 Parmenides
420 2953 520 3040 fysioi
540 2952 658 3018 filosofi
679 2952 843 3018 notissimi
867 2951 1041 3018 habentur.
1085 2950 1177 3017 Vors.
1192 2952 1285 3015 Arm.

136 3056 185 3122 Ol.
215 3058 264 3123 81.
296 3079 333 3122 1:
376 3057 590 3143 Empedocles
627 3064 661 3122 st
692 3055 904 3123 Parmenides
937 3055 1068 3143 physioi
1098 3053 1284 3141 philosophi

135 3156 425 3246 cognoscebantur.

177 3291 251 3344 164.
275 3280 372 3365 Diog.
389 3281 494 3346 Lsei‘o.
510 3281 581 3344 viii.
597 3297 657 3364 51:
687 3279 905 3361 Ἐμπεδοκλῆς,
926 3283 965 3346 ὥς
981 3288 1077 3361 φησιν
1091 3277 1285 3359 Ἱππόβοτος,

136 3384 280 3450 Μέτωνος
302 3384 339 3464 ῆν
361 3388 423 3451 υῖδς
446 3390 497 3448 τοῦ
512 3384 756 3463 Ἐμπεδοκλέους,
771 3384 1013 3466 Ἀκραγαντῖνος.
1059 3390 1093 3447 τδ
1108 3383 1134 3446 δ’
1149 3383 1221 3445 αὐτὸ
1237 3382 1286 3446 καὶ

135 3491 261 3566 Τίμαιος
283 3491 316 3552 ἐν
336 3489 372 3575 τῆ
393 3488 642 3574 πεντεκαιδεκάτη
666 3494 724 3551 τῶν
747 3490 896 3567 ίστοριῶν,
913 3488 1061 3564 ἐπίσημον
1083 3488 1175 3568 ἄνδρα
1197 3510 1285 3567 γεγο·

136 3591 217 3654 νέναι
229 3598 281 3656 τδν
292 3589 500 3670 Ἐμπεδοκλέα
514 3598 567 3655 τδν
582 3591 706 3655 πάππον
721 3597 774 3653 τοῦ
789 3596 923 3668 ποιητοῦ.
959 3588 1042 3652 ὀλλιὶ
1059 3585 1106 3652 καί
1114 3587 1285 3668 Ἕρμιππος

134 3695 171 3758 τὰ
192 3694 267 3760 αιἰτδ
286 3695 380 3781 τούτῳ
402 3696 507 3776 φησίν.
553 3695 660 3772 ὁμοίως
685 3693 733 3760 καί
746 3691 945 3774 Ἡρακλείδης
967 3694 1000 3758 ἐν
1022 3693 1063 3778 roi
1086 3694 1154 3772 περὶ
1177 3692 1285 3766 νόσων,

135 3803 182 3864 ὅτι
205 3803 344 3881 λαμπρᾶς
367 3799 404 3879 ῆν
426 3800 522 3865 οίκίας
545 3799 804 3880 ἱπποτροφηκότος
825 3803 878 3861 τοῦ
901 3797 1033 3861 πάππου.
1078 3797 1164 3875 λέγει
1184 3799 1218 3860 δέ
1236 3794 1285 3858 καὶ

133 3904 354 3987 Ἐρατοσθένης
374 3904 405 3967 ἐν
426 3908 488 3970 τοῖς
503 3902 752 3981 Ὀλυμπιονίκαις
775 3904 830 3982 τῆν
850 3904 969 3983 πρώτην
988 3897 1035 3964 καί
1057 3898 1286 3980 ἑβδομηκοστὴν

134 4009 303 4088 ὀλυμπιάδα
327 4005 511 4085 νενικηκέναι
534 4014 588 4072 τδν
610 4012 661 4071 τοῦ
684 4005 829 4073 Μέτωνος
848 4008 971 4086 πατέρα,
987 4003 1111 4086 μάρτυρι
1134 4003 1285 4086 χριόμενος

133 4112 349 4192 Ἀριστοτέλει.
396 4109 464 4198 (52)
486 4111 718 4192 Ἀπολλόδωρος
736 4111 761 4174 δ’
781 4111 797 4172 6
818 4114 1020 4193 γραμματικός
1043 4109 1077 4173 ἐν
1097 4111 1161 4174 τοῖς
1176 4110 1285 4188 Χρονι·

135 4221 196 4282 κοῖς
212 4211 309 4295 φησίν
324 4215 362 4280 ὡς

345 4315 409 4382 Ἦν
430 4319 485 4397 μὲν
508 4319 651 4385 Μέτωνος
672 4320 746 4396 υίός,
769 4319 810 4382 είς
833 4319 865 4380 δὲ
889 4318 1037 4395 Θουρίους

350 4421 440 4485 αιἰτδν
461 4423 570 4484 νεωστὶ
592 4427 748 4486 παντελῶς
770 4420 961 4499 ἐκτισμένους

353 4525 369 4586 6
391 4529 527 4590 Γλαῦκος
550 4526 652 4589 ἐλθεῖν
674 4522 779 4604 φησίν.
