3000 5046
166 342 208 421 38
399 339 552 400 ORIGIN
573 338 667 397 AND
693 337 1022 396 ORGANIZATION
1045 336 1102 395 OF
1219 346 1282 412 [σα
1295 349 1322 396 1.

167 535 396 622 ψηφισαμένης,
410 536 480 602 ούτε
500 535 660 618 αύτόχειρα
683 536 755 599 ὄντα
774 539 827 598 τοῦ
847 534 963 616 ἀνδρός.
1008 531 1044 598 δν
1058 535 1150 617 ἐχρῆν
1164 531 1323 614 δεδεμένον

168 642 275 708 αὐτοὺς
304 638 490 724 φυλάσσειν,
514 636 534 720 ἣ
566 644 630 707 τοῖς
657 640 762 721 φίλοις
787 641 850 703 τοῖς
880 638 962 717 ἐμοῖς
991 635 1183 720 ἐξεγγνῆσαι,
1208 634 1228 717 ἢ
1258 641 1323 704 τοῖς

168 745 297 828 άρχουσι
312 748 375 812 τοῖς
388 745 542 828 ὑμετέροις
560 748 754 826 παραδοῦναι,
770 743 819 807 καὶ
841 744 951 824 ψῆφον
972 741 1039 823 περὶ
1059 741 1149 805 αὐτοῦ
1168 739 1322 824 γενέσθαι.

168 853 223 916 νῦν
234 851 267 915 δέ
282 848 365 913 αύτοὶ
381 847 581 932 καταγνόντες
595 846 649 912 τὸν
663 845 793 912 θάνατον
807 849 860 910 τοῦ
875 844 980 928 ἀνδρὸς
995 845 1197 912 ἀπεκτείνατε·
1221 842 1238 908 δ
1254 846 1323 911 ούδέ

168 953 259 1019 πόλει
274 951 403 1032 ἔξεστιν,
418 952 490 1018 άνευ
503 949 675 1031 Ἀθηναίων
689 951 795 1015 ούδένα
810 949 927 1035 θανάτῳ
944 950 1100 1031 ζημιώσαι.

213 1084 284 1141 174.
307 1069 425 1163 [Xon]
440 1072 538 1157 Resp.
551 1071 629 1138 Αίά.
640 1070 662 1136 i.
678 1072 736 1135 16:
760 1077 856 1136 Δοκεῖ
868 1073 901 1136 δὲ
917 1073 934 1135 ό
949 1074 1040 1151 δῆμος
1055 1072 1072 1134 δ
1087 1070 1258 1150 Ἀθηναίων
1273 1074 1323 1137 καὶ

170 1183 204 1245 ἐν
219 1179 295 1265 τώδε
318 1186 415 1248 κακῶς
438 1177 644 1259 βουλεύεσθαι
665 1179 711 1240 ότι
733 1176 802 1243 τοὺς
826 1173 1001 1258 συμμάχους
1016 1173 1217 1258 ἀναγκάζουσι
1232 1181 1323 1243 πλεῖν

170 1282 219 1349 ἐπὶ
241 1283 325 1350 δίκας
341 1279 500 1362 Ἀθήναζε·
531 1284 560 1346 οῖ
583 1285 616 1346 δέ
639 1280 879 1364 ἀντιλογίζοντοι
901 1280 962 1344 όσο
984 1280 1132 1367 ἐντούτῳ
1155 1281 1200 1347 ένι
1223 1282 1324 1365 ἀγαθδ

169 1387 213 1473 τηῖ
227 1384 309 1473 δήμῳ
325 1392 386 1451 τῶν
395 1384 575 1466 Ἀθηναίων·
599 1390 718 1467 πρῶτον
728 1386 785 1464 μὲν
796 1383 857 1448 ἀπὸ
871 1386 931 1447 τῶν
945 1386 1130 1467 πρυτανεύων
1144 1390 1197 1451 τόν
1210 1389 1324 1468 μισθδν

42 1551 44 1555 ,
170 1488 208 1556 δι’
225 1494 360 1556 ἐνιαυτοῦ
379 1487 560 1572 λαμβάνειν·
585 1488 638 1554 εἶτ’
653 1491 730 1553 οίκοι
752 1485 913 1570 καθήμενοι
935 1487 1007 1554 ἀνευ
1022 1493 1098 1553 νεῶν
1112 1488 1226 1553 ἔκπλου
1246 1494 1323 1554 διοι-

170 1597 258 1659 κοῖνσι
272 1596 326 1661 τὰς
345 1594 452 1660 πόλεις
471 1594 524 1661 τάς
542 1593 740 1674 συμμαχίδας·
764 1592 813 1656 καὶ
833 1589 902 1658 τοὺς
921 1593 978 1671 μὲν
992 1597 1045 1656 τοῦ
1064 1590 1157 1672 δήμου
1178 1594 1323 1675 σώζουσι,
1406 1645 1417 1661 .

170 1696 239 1765 τοὺς
271 1697 296 1763 δ’
324 1698 476 1764 ἐναντίους
502 1696 711 1761 ἀπολλύουσιν
737 1697 770 1759 ἐν
796 1697 860 1762 τοῖς
885 1696 1098 1777 δικαστηρίοις·
1129 1699 1157 1762 εῖ
1183 1700 1216 1762 δὲ
1245 1700 1323 1765 οίκοι

171 1801 257 1884 εἶχον
272 1801 395 1866 έκαστοι
409 1801 463 1869 τὰς
481 1801 574 1880 δίκας,
590 1799 643 1865 άτε
663 1799 826 1882 ἀχθόμενοι
841 1799 1021 1879 Ἀθηναίοις,
1035 1801 1158 1868 τούτους
1180 1800 1218 1867 δν
1233 1809 1325 1885 σφῶν

171 1904 269 1969 αὐτῶν
283 1906 470 1971 ἀπώλλυσαν
492 1906 602 1971 οἵτινες
626 1905 715 1986 φίλοι
734 1900 871 1983 μάλιστα
888 1901 968 1983 ἦσαν
981 1902 1152 1984 Ἀθηναίων
1171 1905 1323 1993 τῷδήμῳ.

170 2005 241 2097 (17)
256 2008 330 2091 πρὸς
345 2010 378 2073 δέ
389 2008 506 2074 τούτοις
521 2009 538 2070 ό
552 2009 644 2089 δῆμος
658 2013 719 2072 τῶν
729 2005 897 2085 Ἀθηναίων
911 2007 982 2072 τάδε
998 2009 1144 2089 κερδαίνει
1159 2015 1219 2074 τῶν
1233 2017 1324 2077 δικῶν

172 2110 338 2192 Ἀθήνησιν
360 2113 459 2177 ούσῶν
479 2117 541 2178 τοῖς
561 2109 741 2192 συμμάχοις.
786 2116 905 2192 πρῶτον
926 2112 981 2192 μὲν
996 2113 1055 2193 γάρ
1075 2110 1094 2192 ἡ
1116 2114 1264 2194 έκατοστῖη
1286 2117 1322 2202 τῇ

172 2217 262 2280 πόλει
283 2214 432 2295 πλείωνῖη
454 2216 487 2280 ἐν
502 2218 650 2298 Πειραιεῖ·
678 2214 784 2279 ἔπειτα
811 2217 839 2278 εί
860 2239 900 2298 τιρ
923 2215 1060 2278 συνοικία
1082 2216 1178 2296 ἐστιν,
1200 2216 1324 2298 άμεινον

171 2319 304 2402 πράττει·
340 2320 443 2384 ἔπειτα
474 2320 503 2384 εί
529 2345 570 2405 τιμ
603 2318 705 2401 ζεῦγος
732 2318 817 2382 ἐστιν
846 2314 865 2397 ἢ
892 2316 1078 2399 ἀνδράποδον
1106 2324 1323 2403 μισθοφοροῦν·

172 2421 242 2510 (18)
265 2422 370 2487 ἔπειτα
395 2424 424 2487 οῖ
448 2420 572 2504 κήρυκες
598 2421 722 2503 άμεινον
744 2420 911 2504 πράττουσι
935 2424 984 2486 διδ
1009 2421 1063 2489 τὰς
1090 2423 1246 2505 ἐπιδημίας
1270 2429 1325 2494 τδς

172 2532 233 2591 τῶν
259 2527 434 2609 συμμάχων.
478 2525 554 2608 πρὸς
580 2529 613 2590 δέ
638 2525 765 2604 τούτοις,
789 2527 816 2590 εῖ
840 2527 897 2605 μὲν
917 2524 958 2606 μὴ
985 2527 1034 2590 ἐπὶ
1062 2529 1145 2594 δίκας
1170 2527 1268 2616 ᾔεσαν
1294 2533 1324 2595 οῖ

172 2630 337 2713 σύμμαχοι,
360 2629 429 2698 τοὺς
453 2628 636 2697 ἐκπλέοντας
659 2628 828 2708 Ἀθηναίων
858 2630 967 2710 ἐτίμων
990 2628 1026 2696 ἀν
1049 2631 1171 2712 μόνους,
1195 2632 1264 2701 τούς
1291 2660 1325 2701 τε

171 2732 357 2817 στρατηγοὺς
374 2731 505 2800 καὶτοὺς
522 2729 741 2815 τριηράρχουςι
758 2733 807 2797 καὶ
827 2732 984 2815 πρέσβεις.
1029 2738 1082 2800 νῖν
1097 2734 1123 2800 δ’
1137 2734 1325 2819 ἠνάγκασται

171 2844 224 2902 τὸν
248 2839 342 2918 δῆμον
366 2837 541 2903 κολακεύειν
564 2843 625 2901 τῶν
648 2836 816 2916 Ἀθηναίων
843 2839 887 2904 εῖς
910 2837 1038 2905 ἕκαστος
1061 2847 1121 2904 τῶν
1148 2840 1324 2924 συμμάχων,

171 2943 349 3025 γιγνώσκων
365 2941 413 3005 ότι
427 2946 476 3006 δεῖ
488 2943 544 3023 μὲν
559 2941 744 3020 ἀφικόμενον
758 2938 905 3020 Ἀθήναζε
924 2942 1009 3020 δίκην
1025 2947 1128 3009 δοῦναι
1148 2942 1197 3008 καῖ
1211 2950 1326 3025 λαβεῖν

172 3045 224 3110 οὐκ
247 3047 281 3109 ἐν
302 3043 411 3112 ἀλλοις
433 3045 515 3110 τισὶν
537 3044 607 3108 ἀλλ’
623 3045 656 3109 ἐν
678 3042 720 3131 τφ
741 3042 835 3130 δήμῳ,
850 3045 883 3111 ἀς
905 3046 971 3109 ἐστι
993 3047 1029 3126 δὴ
1053 3048 1143 3128 νόμος
1165 3047 1324 3130 Ἀθήνησι·

173 3145 221 3212 καῖ
252 3149 460 3229 ἀντιβολῆσαι
489 3148 688 3231 ἀναγκάζεται
719 3151 752 3214 ἐν
783 3152 847 3215 τοῖς
871 3152 1075 3232 δικαστηρίοις
1101 3150 1150 3216 καί
1176 3153 1325 3221 εἰσιόντος

172 3278 225 3317 του
240 3252 507 3334 ἐπιλαμβάνεσθαι
525 3253 577 3329 τῆς
591 3253 701 3335 χειρός.
748 3250 798 3317 διά
817 3257 905 3317 τοῦτο
928 3252 980 3318 ούν
997 3256 1026 3319 οῖ
1047 3255 1201 3338 σύμμαχοι
1220 3261 1325 3323 δοῦλοι

171 3360 224 3420 τοῦ
239 3354 334 3440 δήμου
349 3365 410 3423 τῶν
426 3355 596 3438 Ἀθηναίων
611 3359 778 3420 καθεστῖισι
791 3360 922 3436 μάλλον.

214 3486 285 3542 175.
308 3471 425 3567 [Χονο]
441 3475 538 3562 Βοςρ.
554 3474 632 3541 Am.
647 3476 696 3540 iii.
718 3495 754 3540 1:
775 3476 843 3541 Ἔτι
863 3480 897 3541 δέ
917 3478 966 3542 καὶ
989 3477 1061 3544 τάδε
1075 3479 1158 3546 τινὰς
1173 3482 1232 3562 όρῶ
1247 3505 1324 3563 μεμ-

172 3579 318 3663 φομένους
343 3581 521 3661 Ἀθηναίους
551 3581 598 3645 ὅτι
631 3581 727 3647 ἐνίοτε
757 3582 809 3646 οὐκ
839 3582 925 3648 έοτιν
951 3584 1054 3648 αύτόθι
1079 3587 1262 3667 χρηματίσαι
1289 3587 1326 3677 τῇ

171 3685 271 3772 βουλῇ
286 3686 353 3751 ούδέ
367 3683 411 3770 τηῖ
424 3684 507 3770 δήμῳ
519 3687 655 3751 ένιαυτδν
664 3684 819 3770 καθημένῳ
834 3686 990 3773 ἀνθρώπῳ·
1015 3684 1063 3751 καί
1078 3694 1165 3753 τοῦτο
1177 3687 1324 3770 Ἀθήνησι

171 3791 307 3871 γίγνεται
333 3789 418 3854 ούδέν
440 3786 478 3854 δι’
501 3789 580 3853 ἀλλο
603 3786 623 3868 ἢ
646 3790 693 3854 ότι
715 3789 764 3854 διὰ
786 3796 821 3854 τὸ
842 3793 961 3869 πλῆθος
983 3799 1044 3858 τῶν
1065 3791 1248 3874 πραγμάτων
1267 3794 1326 3877 οὐχ

172 3892 232 3956 οίοί
246 3917 279 3956 τε
294 3891 409 3958 πάντας
425 3891 616 3973 ἀποπέμπειν
632 3891 693 3957 εἰσὶ
709 3895 958 3977 χρηματίσαντες.

216 3995 266 4060 ef.
283 3995 367 4061 Xon.
382 3994 469 4061 Ilell.
488 3996 509 4060 i.
526 4011 631 4081 5.19;
652 3996 753 4063 Isocr.
770 3997 828 4062 xii.
843 3997 993 4065 Panath.
1010 4002 1062 4065 66.

215 4099 251 4165 0,
266 4098 297 4164 Ι.
314 4099 357 4164 Α.
373 4099 419 4164 iv.
438 4114 476 4183 27
493 4121 522 4179 α,
537 4123 584 4166 υς.
602 4102 692 4184 70ff.
738 4101 799 4167 See
814 4102 920 4168 above
935 4115 1008 4170 130.

214 4204 249 4269 0.
265 4202 297 4268 Ι.
314 4203 357 4268 Α.
376 4202 398 4268 i.
418 4222 448 4287 9,
462 4203 502 4269 fr.
518 4224 545 4271 ο.
562 4202 828 4293 (ροοίαδατοαάς),
850 4206 890 4271 fr.
905 4207 937 4272 b.
959 4208 1006 4274 ad
1020 4208 1088 4294 fin.
1104 4208 1270 4299 (sanction
1291 4211 1328 4277 of

171 4308 228 4375 the
243 4307 413 4374 Athenian
428 4308 569 4399 people).
614 4308 675 4377 See
690 4311 797 4378 above
812 4322 883 4377 125.

478 4475 485 4504 ¹
504 4470 670 4539 φρουράρχους
680 4474 790 4526 wilam.
802 4479 862 4527 Phil.
879 4480 932 4526 Uni.
944 4478 963 4528 i.
977 4494 1017 4539 γι.
