3000 5046
205 383 262 427 120
408 364 639 424 EXTERNAL
664 364 862 424 HISTORY
886 362 943 421 OF
962 360 1146 430 ATHENS,
1216 368 1348 434 [(11.111

404 610 508 677 Ριαοο
530 608 567 696 os
583 595 897 677 Καλοᾱαῖιιιοιιύαηο
917 605 999 674 with
1021 605 1138 691 Ανροο.

242 761 313 818 149.
336 749 438 816 Thue.
453 772 486 814 v.
506 769 555 828 14.
570 771 593 829 4
600 774 609 826 ;
633 748 683 815 28.
702 768 731 814 2.

316 987 388 1046 'l'ho
410 987 567 1059 Kyprian
588 984 800 1057 Expedition
822 985 890 1043 and
912 984 1016 1044 death
1038 983 1078 1043 ο1
1095 984 1231 1042 Kimon.

242 1147 316 1203 150.
340 1132 439 1201 Thuc.
454 1133 476 1199 i.
494 1153 565 1200 112.
587 1151 658 1212 2=4

243 1276 308 1331 151.
332 1263 430 1330 Diod.
446 1263 504 1328 xii.
521 1284 559 1349 3:
583 1260 652 1327 Ἐπ’
667 1263 813 1346 ἄρχοντος
837 1263 895 1344 γὰρ
913 1261 1082 1343 Ἀθήνησιν
1097 1259 1296 1343 Εύθυδήμου.
1317 1310 1349 1326 ..

197 1369 351 1449 Ἀθηναῖοι
375 1368 669 1448 διαπεπολεμηκότες
691 1367 766 1448 ὑπὲρ
791 1368 963 1450 Αἰγυπτίων
982 1367 1056 1450 πρὸς
1081 1369 1210 1447 Πέρσας,
1226 1363 1274 1430 καλ
1296 1368 1350 1432 τδς

199 1479 271 1541 ναῦς
301 1473 422 1539 δπάσας
452 1471 682 1538 ἀπολωλεκότες
708 1472 741 1536 ἔν
768 1469 805 1556 τῇ
833 1471 985 1558 λεγομένη
1015 1472 1225 1553 Προσωπίτιδι
1255 1468 1349 1554 νήσῳ,

198 1576 317 1662 βραχὺν
335 1579 446 1660 χρόνον
467 1576 660 1641 διαλιπόντες
683 1574 822 1657 ἔγνωσαν
845 1573 941 1638 πόλιν
963 1578 1107 1651 πολεμεῖν
1129 1577 1192 1640 τοῖς
1215 1572 1350 1654 Πέρσαις

197 1683 271 1763 ὑπὲρ
298 1685 358 1745 τῶν
385 1679 460 1745 κατὰ
486 1680 540 1760 τὴν
566 1679 676 1744 Ἀσίαν
700 1676 869 1758 Ἑλλήνων.
915 1679 1146 1762 καταρτίσαντες
1175 1680 1209 1743 δὲ
1236 1677 1350 1740 στόλον

198 1784 325 1866 τριήρων
349 1784 520 1862 διακοσίων,
540 1783 589 1848 καὶ
613 1784 783 1866 στρατηγὸν
809 1784 948 1862 ἑλόμεναι
964 1783 1087 1862 Κίμωνα
1102 1781 1154 1845 τδν
1170 1781 1349 1857 Μιλτιάδου,

199 1886 392 1969 προσέταξαν
407 1891 497 1951 πλεῖν
512 1888 563 1952 ἔπῖ
579 1887 701 1968 Κύπρον
717 1884 766 1949 καὶ
780 1890 978 1965 διαπολεμεῖν
991 1890 1055 1951 τοῖς
1075 1884 1218 1965 Πέρσαις.
1263 1880 1310 1969 (2)
1333 1887 1349 1948 6

198 1995 231 2056 δὲ
246 1994 349 2072 Κίμων
364 1992 529 2072 ἀναλαβὼν
544 1990 597 2054 τὸν
615 1990 732 2054 στόλον
751 1989 975 2069 κεκοσμημένον
989 1990 1105 2071 άνδρῶν
1119 2013 1152 2055 τε
1167 1991 1286 2070 όρεταῖς
1301 1992 1349 2053 καὶ

197 2096 355 2182 χορηγίαις
381 2092 548 2176 δαψιλέσιυ
574 2094 725 2158 ἔπλευσεν
750 2094 793 2158 είς
822 2091 877 2171 τῆν
905 2092 1033 2173 Κύπρον.
1079 2090 1141 2156 κατ’
1163 2093 1295 2160 ἔκείνονς
1317 2094 1349 2156 δὲ

198 2199 266 2265 τοὺς
289 2198 407 2280 καιροὺς
434 2204 493 2262 τῶν
514 2202 674 2279 Περσικῶν
689 2196 842 2273 δυνάμεων
857 2196 1058 2280 ἐστρατήγουν
1071 2194 1261 2277 ’λρτάβαζος
1279 2193 1349 2280 (καὶ

198 2301 391 2385 Μεγάβυζος.
435 2301 645 2386 ’λρτάβαζος>
671 2301 727 2380 μὲν
753 2298 808 2379 τήν
829 2298 991 2382 ἡγεμονίαν
1018 2299 1099 2383 ἔχων
1125 2303 1158 2366 ἔν
1179 2300 1217 2386 τῆ
1240 2300 1348 2385 Κύπρῳ

198 2403 359 2488 διέτριβεν,
376 2406 455 2486 ἔχων
470 2403 598 2486 τριήρεις
611 2404 793 2486 τριακοσίας,
809 2402 992 2486 Μεγάβυζος
1008 2406 1041 2467 δὲ
1056 2399 1122 2484 περὶ
1137 2405 1193 2484 τήν
1209 2408 1349 2469 Κιλικίαν

199 2509 445 2591 ἔστρατοπέδενε,
468 2508 560 2586 πεζάς
588 2507 668 2592 ἔχων
693 2505 842 2587 δυνάμεις,
869 2509 910 2571 ὧν
937 2509 954 2571 ό
980 2508 1104 2588 άριθμδς
1130 2506 1166 2586 ήν
1192 2507 1349 2586 τριάκοντα

197 2613 356 2694 μυριάδων.
401 2608 449 2699 (3)
472 2614 488 2676 6
504 2615 536 2675 δὲ
553 2612 655 2691 Κίμων
671 2610 882 2678 καταπλεύσας
898 2613 941 2679 είς
962 2612 1018 2690 τῆν
1034 2612 1157 2692 Κύπρον
1171 2613 1221 2676 καὶ
1236 2616 1349 2677 θαλατ-

198 2725 351 2797 τοκρατῶν
371 2718 475 2781 Κίτιον
496 2717 551 2797 μὲν
574 2713 622 2780 καί
639 2715 758 2797 Μάριον
775 2712 1017 2796 ἐξεπολιόρκησε,
1034 2712 1159 2781 καὶτοῖς
1174 2722 1349 2798 κρατηθεῖσι

198 2819 421 2901 φιλανθρόπως
436 2817 638 2904 προσηνέχθη.
682 2821 760 2900 μετδ
777 2821 810 2883 δὲ
826 2823 920 2883 ταῦτα
935 2821 967 2883 ἐκ
991 2821 1127 2886 Κιλικίας
1144 2818 1193 2884 καὶ
1208 2823 1350 2898 Φοινίκης

197 2924 455 3007 προσφερομένων
480 2921 608 3006 τριήρων
632 2923 668 3010 τῇ
695 2921 787 3007 νήσῳ,
813 2924 918 3004 Κίμων
941 2925 1122 3008 ἐπαναχθεὶς
1144 2926 1193 2989 καὶ
1216 2925 1349 3004 πόλεμον

199 3029 386 3112 συγκρούσας
409 3027 529 3095 πολλὰς
551 3030 607 3108 μέν
627 3034 686 3092 τῶν
708 3033 784 3092 νεῶν
804 3027 975 3106 κατέδυσεν,
992 3027 1099 3093 ἔκατδν
1118 3032 1151 3094 δὲ
1168 3029 1226 3094 σὺν
1248 3030 1348 3097 αὐτοῖς

198 3137 262 3198 τοῖς
286 3130 432 3213 ἀνδράσιν
459 3133 533 3210 εῖλε,
549 3131 603 3197 τὰς
621 3134 654 3195 δὲ
680 3127 789 3198 λοιπάς
810 3132 899 3214 μέχρι
922 3133 975 3210 τῆς
998 3131 1141 3212 Φοινίκης
1160 3131 1348 3212 κατεδίωξεν.

197 3232 246 3323 (4)
269 3238 298 3300 οῖ
312 3238 368 3315 μὲν
383 3235 437 3300 οὖν
451 3235 572 3317 Πέρσαι
590 3240 653 3302 ταῖς
674 3235 924 3317 ὑπαλειφθείσαις
945 3233 1034 3301 ναυσὶ
1050 3236 1221 3319 κατέφυγον
1236 3239 1279 3304 είς
1294 3237 1350 3316 τὴν

198 3343 265 3420 γῆν,
283 3340 347 3403 καθ’
364 3337 398 3404 δν
413 3341 508 3404 τόπον
528 3339 565 3419 ῆν
586 3337 767 3422 Μεγάβυζος
787 3340 1066 3421 ἔστραταπεδενκδς
1087 3345 1165 3420 μετὰ
1184 3345 1238 3420 τῆς
1259 3343 1350 3419 τεᾶς

198 3441 358 3522 δυνάμεως·
383 3444 412 3507 οἱ
427 3447 460 3508 δὲ
480 3440 637 3520 Ἀθηναῖοι
657 3443 926 3526 προσπλεύσαντες
945 3445 993 3507 καὶ
1012 3444 1082 3511 τοὺς
1099 3446 1286 3527 στρατιότας
1301 3448 1349 3510 έκ-

197 3545 389 3625 βιβάσαντες
411 3549 553 3627 συνῆψαν
571 3546 682 3630 μάχην,
697 3546 760 3610 καθ’
783 3544 821 3626 ῆν
840 3545 1057 3627 Ἀναξικράτης
1070 3550 1127 3628 μὲν
1142 3550 1159 3612 ό
1173 3548 1273 3632 ἔτερος
1288 3559 1351 3616 τοῖν

199 3655 376 3733 στρατηγεῖν
391 3655 537 3729 λαμπροῖς
557 3648 783 3734 ἀγωνισάμενος
798 3650 933 3731 ῆρωικῶς
948 3651 1138 3735 κατέστρεφε
1153 3658 1204 3717 τδν
1219 3655 1302 3734 βίον,
1319 3656 1348 3718 οῖ

198 3756 231 3818 δὲ
245 3754 338 3817 άλλοι
357 3752 560 3835 κρατήσαντες
575 3756 612 3842 τῆ
627 3752 710 3839 μάχη
728 3752 778 3818 καὶ
792 3754 926 3821 πολλοὺς
942 3756 1103 3823 ἀνελόντες
1118 3758 1291 3835 ἐπανῆλθον
1307 3761 1350 3825 είς

199 3855 253 3922 τάς
279 3861 359 3923 ναῦς.
403 3859 481 3935 μετδ
506 3858 540 3921 δὲ
566 3861 659 3922 ταῦτα
688 3858 844 3936 Ἀθηναῖοι
869 3857 966 3923 πάλιν
994 3859 1191 3925 δπέπλευσαν
1221 3863 1264 3928 εῖς
1294 3864 1349 3940 τῆν

199 3959 330 4040 Κύπρον.
373 3963 468 4024 ταῦτα
480 3963 538 4042 μὲν
553 3960 606 4026 οδν
621 3959 757 4047 ἐπράχθη
774 3961 850 4026 κατὰ
871 3963 906 4026 τὸ
922 3967 1041 4044 πρῶτον
1056 3964 1122 4030 ἔτος
1138 3969 1191 4028 τοῦ
1207 3965 1347 4045 πολέμου.

241 4060 289 4149 (4)
310 4062 380 4128 Ἐπ’
395 4063 542 4146 άρχοντος
555 4064 581 4129 δ’
592 4060 739 4144 Ἀθήνησι
752 4066 893 4133 Πεδιέως.
908 4113 915 4128 .
934 4113 941 4128 .
954 4067 1059 4147 Κίμων
1074 4069 1091 4130 6
1107 4073 1167 4132 τοῖν
1181 4065 1349 4150 Ἀθηναίων

197 4165 366 4248 στρατηγὸς
389 4171 639 4250 θαλαττοκρατεῖν
657 4170 810 4254 ἐχειροῦτο
835 4173 889 4238 τὰς
912 4168 987 4234 κατὰ
1009 4171 1065 4250 τῆν
1088 4172 1210 4254 Κύπρον
1232 4175 1347 4241 πόλεις.

197 4270 233 4333 δν
246 4269 279 4335 δὲ
294 4270 332 4358 τῇ
348 4273 498 4353 Σαλαμῖνι
514 4275 666 4353 Περσικῆς
680 4277 811 4355 φρουρᾶς
826 4274 918 4353 ούσης
934 4272 1104 4358 δξιολόγου,
1117 4273 1165 4340 καὶ
1179 4281 1285 4357 βελιῖν
1300 4275 1349 4341 καὶ

277 4395 305 4437 ιν
318 4379 528 4454 πυντοδαπιῖν,
542 4376 588 4440 ἔτι
602 4379 635 4440 δὲ
650 4378 739 4441 σίτου
754 4373 802 4441 καὶ
817 4380 871 4456 τῆς
886 4379 983 4457 ἄλλης
995 4384 1186 4462 παρασκευῆς
1197 4381 1347 4462 γεμούσης

313 4478 396 4557 λευς,
409 4477 508 4562 ἔκρινε
523 4479 689 4563 συμφέρειν
709 4480 820 4562 ταύτην
840 4483 1084 4565 ἐκπολιορκῆσαι.
1128 4480 1178 4570 (2)
1199 4485 1276 4549 οὕτω
1291 4485 1348 4567 γάρ
