3000 5046
157 384 270 449 θές-67)
396 373 566 434 SPARTA
592 375 687 433 AND
711 375 1057 435 PELOPONNESOS.
1247 392 1305 453 301

157 572 309 639 κινδύνους
326 572 375 636 ὑπ’
395 572 559 655 ἀνθρώπων
573 570 674 639 αὑτοῖς
693 571 809 652 συνέβη
826 570 969 655 γενέσθαι
983 576 1033 637 διὰ
1049 574 1186 640 τοιαύτας
1201 575 1308 641 αίτίας.

157 672 206 763 (4)
228 678 363 741 Είλωτες
385 673 432 739 καὶ
449 673 622 754 Μεσσήνιοι
641 674 715 756 πρὸς
733 675 985 757 Λακεδαιμονίους
1001 677 1167 758 ἀλλοτρίως
1186 679 1310 762 ἔχοντες

158 786 192 843 τὸ
207 782 263 860 μὲν
278 779 336 860 πρὸ
351 783 403 842 τοὺ
417 778 548 862 ἡσυχίαν
561 778 656 861 εἶχον,
668 779 858 860 φοβούμενοι
872 778 927 858 τὴν
942 782 994 858 τῆς
1006 780 1143 862 Σπάρτης
1157 781 1309 865 ὑπεροχήν

158 908 191 948 τε
207 880 255 947 καὶ
271 883 404 963 δύναμιν·
435 880 503 947 ἐπεὶ
523 884 556 946 δὲ
576 880 626 946 διὰ
647 887 700 946 τδυ
720 882 850 963 σεισμὸν
865 882 965 962 έόρων
984 883 1053 951 τοὺς
1072 886 1196 953 πλείους
1212 885 1310 952 αὑτῶν

159 988 365 1066 ἀπολωλότας,
395 986 626 1069 κατεφρόνησαν
659 992 720 1051 τῶν
755 986 1031 1068 ἀπολελειμμένων,
1061 989 1175 1072 ὀλίγων
1205 992 1309 1055 ὄντων.

159 1092 262 1173 διόπερ
277 1091 351 1171 πρὸς
366 1089 521 1170 ἀλλήλους
543 1090 721 1171 συνθέμενοι
745 1091 827 1177 κοινῇ
851 1096 904 1155 τδυ
927 1092 1062 1172 πόλεμον
1077 1090 1242 1172 ἐξήνεγκαν
1257 1100 1311 1158 τὸν

158 1200 234 1278 πρὸς
255 1194 324 1262 τοὺς
343 1198 605 1274 Λακεδαιμονίους.
651 1191 701 1280 (5)
723 1195 740 1258 δ
761 1198 795 1260 δέ
816 1195 967 1274 βασιλεὺς
988 1201 1048 1260 τῶν
1066 1198 1311 1279 Λακεδαιμονίων

159 1299 340 1383 Ἀρχίδαμος
355 1301 406 1363 διά
420 1302 473 1378 τῆς
491 1297 567 1364 ίδίας
587 1297 731 1379 προνοίας
751 1295 800 1362 καὶ
823 1302 898 1363 κατὰ
920 1298 972 1364 τάν
988 1306 1117 1382 σεισμδν
1133 1302 1227 1380 ἔσωζε
1242 1301 1312 1370 τοὺς

160 1403 286 1470 πολίτας
311 1398 360 1466 καὶ
387 1404 461 1465 κατὰ
486 1407 540 1466 τὸν
564 1402 700 1481 πόλεμον
724 1403 869 1485 γενναίως
896 1407 959 1470 τοῖς
985 1403 1203 1485 ἐπιτιθεμένοις
1224 1407 1310 1471 ἀυτε-

160 1505 280 1585 τάξατο.
325 1504 373 1592 (6)
387 1506 438 1582 τῆς
458 1507 514 1587 μὲν
534 1505 592 1588 γάρ
612 1507 732 1572 πόλεως
754 1507 959 1591 συνεχομένης
973 1507 1031 1571 ὑπὸ
1046 1510 1099 1586 τῆς
1115 1514 1168 1572 τοῦ
1183 1514 1312 1590 σεισμοῦ

160 1612 337 1688 δεινότητος,
354 1615 469 1691 πρῶτος
487 1614 683 1691 Σπαρτιατῶν
698 1611 731 1674 ἐκ
752 1612 806 1688 τῆς
825 1611 944 1677 πόλεως
964 1609 1103 1692 ἀρπάσας
1123 1612 1179 1691 τὴν
1195 1639 1311 1679 πανοπ-

160 1715 230 1778 λίαν
257 1711 307 1778 ἐπὶ
328 1714 384 1793 τὴν
404 1714 507 1798 χάραν
529 1710 708 1793 ἐξεπήδησε,
731 1711 867 1781 καὶτοῖς
890 1715 1000 1783 ἀλλοις
1021 1716 1161 1783 πολίταις
1182 1718 1217 1780 τὸ
1239 1718 1311 1782 αὑτὸ

161 1817 302 1899 πράττειν
317 1815 529 1900 παρήγγειλεν.
574 1814 622 1903 (7)
644 1816 880 1884 ὑπακουσάντων
895 1820 928 1884 δέ
948 1823 1008 1886 τῶν
1023 1823 1230 1902 Σπαρτιατῶν,
1244 1827 1312 1886 τοῦ·

160 1946 213 1986 τον
227 1928 280 1987 τὸν
294 1921 406 2002 τρόπον
421 1922 451 1985 οἱ
466 1920 712 2002 περιλειφθέντες
728 1921 899 2002 ἐσάθησαν,
911 1920 962 1988 οὑς
974 1921 1123 2003 συντάξας
1134 1925 1151 1986 ό
1162 1925 1312 2005 βασιλεὺς

161 2024 342 2109 Ἀρχίδαμος
362 2024 601 2107 παρεσκευάζετο
623 2029 770 2106 πολεμεῖν
791 2029 853 2092 τοῖς
875 2027 1093 2107 ἀφεστηκόσιν.
1138 2023 1207 2114 (64)
1229 2032 1259 2096 σί
1279 2032 1313 2096 δὲ

162 2127 336 2208 Μεσσήνιοι
355 2132 430 2208 μετὰ
450 2134 510 2193 τῶν
526 2130 671 2192 Εἱλώτων
686 2127 904 2211 συνταχθέντες
919 2129 954 2193 τὸ
967 2130 1023 2211 μὲν
1037 2135 1156 2213 πρῶτον
1171 2134 1314 2214 ὥρμησαν

162 2229 213 2297 ἐπὶ
224 2234 279 2313 τήν
289 2233 439 2316 Σπάρτην,
450 2232 718 2314 ὑπολαμβάνοντες
734 2231 825 2312 αὑτὴν
837 2235 974 2314 αἱρήσειν
989 2239 1039 2299 διὰ
1054 2235 1109 2313 τὴν
1120 2237 1243 2318 ἐρημίαν
1254 2243 1314 2303 τῶν

161 2337 389 2417 βοηθησόντων·
416 2335 456 2402 ὧς
471 2336 495 2400 δ’
512 2335 646 2415 ἤκουσαν
664 2336 733 2403 τοὺς
755 2336 1031 2418 ὑπολελειμμένους
1050 2337 1115 2418 μετ’
1129 2340 1313 2425 Ἀρχιδάμου

162 2446 215 2505 τοῦ
243 2441 399 2517 βασιλέως
430 2440 684 2521 συντεταγμένους
715 2440 849 2519 ἑτοίμους
879 2441 955 2507 εἶναι
981 2448 1056 2526 πρὸς
1082 2443 1134 2508 τὸν
1160 2446 1235 2527 ὑπὲρ
1260 2449 1314 2525 τῆς

162 2546 303 2626 πατρίδος
319 2544 429 2627 ἀγῶνα,
444 2544 551 2622 ταύτης
564 2545 620 2625 μὲν
635 2544 686 2622 τῆς
701 2546 851 2624 ἐπιβολῆς
867 2543 1052 2626 ἀπέστησαν,
1067 2550 1313 2630 καταλαβόμενοι

163 2649 196 2713 δέ
216 2652 269 2728 τῆς
290 2648 471 2728 Μεσσηνίας
492 2651 605 2732 χωρίον
625 2647 746 2732 ὀχυρόν,
767 2648 800 2710 ἐκ
822 2647 927 2714 τούτου
949 2649 1004 2730 τὴν
1026 2650 1120 2732 ὁρμὴν
1141 2653 1314 2733 ποιούμενοι

164 2751 341 2835 κατέτρεχον
355 2753 411 2832 τὴν
426 2749 611 2831 Λακωνικήν.
655 2749 703 2840 (2)
719 2753 749 2817 οί
767 2753 801 2817 δὲ
816 2756 1002 2836 Σπαρτιᾶται
1024 2759 1247 2839 καταφυγόντες
1264 2760 1315 2825 ἐπὶ

163 2857 218 2936 τὴν
233 2855 314 2937 παρὰ
330 2862 389 2921 τῶν
398 2856 566 2936 Ἀθηναίων
580 2854 728 2938 βοήθειαν
742 2857 975 2939 προσελάβοντο
987 2857 1056 2941 παρ’
1068 2859 1165 2924 αὑτῶν
1180 2860 1313 2942 δύναμιν·

164 2960 250 3025 οὐδὲν
265 2960 291 3025 δ’
305 2960 395 3040 ἧττον
412 2957 460 3025 καὶ
480 2963 563 3043 παρά
581 2964 643 3025 τῶν
656 2958 762 3025 άλλων
782 2959 949 3045 συμμάχων
965 2962 1161 3045 ἀθροίσαντες
1177 2964 1315 3047 δυνάμεις

163 3062 325 3148 ἀξιόμαχοι
352 3068 415 3131 τοῖς
441 3065 599 3144 πολεμίοις
626 3063 822 3147 ἐγενήθησαν.
869 3063 918 3131 καί
943 3072 977 3131 τὸ
1005 3068 1062 3148 μέν
1092 3074 1211 3151 πρῶτον
1236 3070 1315 3134 πολὺ

164 3174 306 3251 προεῖχον
335 3175 396 3233 τῶν
425 3170 589 3249 πολεμίων,
613 3172 740 3251 ὕστερον
769 3172 802 3233 δὲ
832 3170 965 3252 ὑποψίας
993 3170 1157 3254 γενομένης
1188 3173 1226 3240 ὧς
1256 3180 1316 3239 τῶν

163 3272 330 3350 Ἀθηναίων
351 3272 529 3353 μελλόντων
552 3272 728 3337 ἀποκλίνειν
748 3278 821 3351 πρὸς
841 3274 911 3341 τοὺς
929 3276 1132 3353 Μεσσηνίους,
1156 3276 1315 3342 ἀπέλυσαν

164 3376 263 3443 αὑτῶν
284 3377 338 3455 τὴν
360 3377 543 3460 συμμαχίαν,
563 3374 719 3459 φήσαντες
739 3375 857 3443 ίιιανοὺς
880 3377 963 3460 έχειν
984 3377 1060 3460 πρὸς
1081 3383 1134 3444 τόν
1156 3381 1315 3461 ἐφεστῶτα

164 3482 300 3544 κίνδυνον
329 3478 398 3545 τοὺς
427 3480 542 3547 ἄλλους
572 3477 756 3562 συμμάχους.
802 3476 851 3566 (3)
872 3482 902 3544 οί
931 3483 965 3545 δὲ
990 3478 1145 3559 Ἀθηναῖοι
1175 3481 1316 3564 δόξαντες

165 3581 286 3649 έαυτοὺς
301 3580 475 3663 ήτιμόσθαι,
491 3583 560 3646 τότε
573 3584 629 3664 μὲν
644 3581 878 3665 ἀπηλλάγησαν·
903 3583 979 3663 μετὰ
994 3586 1027 3648 δέ
1042 3590 1134 3649 ταῦτα
1149 3589 1316 3673 ἀλλοτρίως

165 3688 288 3770 ἔχοντες
324 3690 361 3750 τὰ
396 3692 470 3769 πρὸς
505 3685 573 3754 τοὺς
602 3685 854 3768 Λακεδαιμονίους
885 3687 933 3753 ἀεὶ
968 3691 1089 3769 μᾶλλον
1118 3690 1175 3770 τήν
1204 3692 1315 3774 ἔχθραν

165 3789 374 3874 ἐξεπύρσευον.
408 3790 455 3854 διὸ
478 3787 526 3854 καὶ
549 3791 658 3871 ταύτην
674 3793 731 3870 μὲν
751 3791 850 3876 ἀρχὴν
868 3791 984 3871 ἔλαβον
1001 3794 1054 3870 τῆς
1073 3793 1314 3876 ἀλλοτριότητος,

163 3896 290 3976 θστερον
305 3899 338 3960 δὲ
355 3897 386 3959 at
401 3895 507 3962 πόλεις
522 3893 733 3981 διηνέχθησαν,
750 3896 799 3959 καὶ
817 3894 969 3978 μεγάλους
989 3897 1208 3981 ἐπανελόμενοι
1222 3901 1316 3966 πολέ·

164 4024 237 4081 μους
252 4001 392 4080 ἔπλησαν
407 3999 530 4064 ἀπασαν
545 3999 600 4078 τήν
610 3996 748 4065 Ἐλλάδα
761 3997 904 4083 μεγάλων
918 4000 1123 4085 ἀτυχημάτων.
1162 4003 1244 4069 ἀλλὰ
1258 4006 1316 4089 γὰρ

165 4105 233 4185 περὶ
256 4104 369 4169 τούτων
391 4104 429 4170 τὰ
452 4103 525 4171 κατά
546 4105 634 4188 μέρος
656 4106 690 4171 ἐν
714 4110 778 4173 τοῖς
800 4096 923 4173 οἰκείοις
944 4107 1066 4189 χρόνοις
1091 4107 1316 4191 ἀναγράψομεν.

165 4203 213 4293 (4)
234 4209 302 4271 τότε
323 4210 356 4272 δὲ
378 4209 407 4272 σί
430 4210 658 4289 Λακεδαιμόνιοι
684 4207 921 4291 στρατεύσαντες
944 4211 994 4275 ἐπὶ
1016 4210 1072 4290 τήν
1092 4210 1219 4293 Ἰθόμην
1240 4216 1318 4294 μετὰ

165 4317 225 4375 τῶν
251 4310 418 4394 συμμάχων
442 4312 640 4394 ἐπολιόρκουν
669 4310 770 4391 αὑτήν.
815 4313 844 4375 ot
871 4311 897 4377 δ’
924 4315 1058 4381 Εἵλωτες
1083 4316 1232 4396 πανδημεί
1257 4322 1318 4384 τάν

165 4415 410 4496 Λακεδαιμονίων
439 4416 612 4497 ἀφεστῶτες
642 4414 832 4499 συνεμάχουν
857 4421 920 4483 τοῖς
947 4418 1145 4496 Μεσσηνίοις,
1168 4416 1218 4484 καὶ
1243 4422 1319 4487 ποτὶ

166 4520 222 4600 μὲν
249 4520 363 4595 ἐνίκων,
390 4523 461 4584 ποτὲ
488 4521 520 4583 δέ
543 4517 683 4598 ἡττῶντο.
727 4517 777 4584 ἐπὶ
801 4523 834 4585 δὲ
860 4520 911 4599 ἐτη
941 4518 1014 4585 δέκα
1040 4524 1093 4585 τοὺ
1119 4520 1252 4604 πολέμου
1275 4524 1318 4609 μὴ
