3000 5046
218 377 276 440 130
427 361 658 421 EXTERNAI.
684 360 882 420 HISTORY
904 361 961 421 OF
981 361 1167 431 ATHENS,
1231 369 1295 436 [Oh.
1307 372 1367 424 111.

215 559 248 622 δέ
271 559 384 621 πολλοὶ
410 554 537 639 κάγαθοί
563 565 624 622 τῶν
649 563 793 631 πολιτῶν,
808 554 946 638 μεγάλην
967 560 1055 620 τοῦτο
1075 555 1116 641 τῷ
1136 560 1282 638 Περικλεῖ
1301 554 1367 638 μετ’

215 659 332 726 εῦνοίας
348 658 439 740 δόξαν
453 659 589 742 ἤνεγκεν,
605 660 644 727 ῶς
659 661 744 741 ἀνδρὶ
760 659 896 746 φρονίμῳ
912 657 960 724 καί
975 661 1173 747 φιλοπολίτῃ.

258 790 328 845 197.
351 779 452 846 Thue.
470 779 518 846 ii's
534 781 586 847 62.
601 794 641 863 53
663 779 709 843 iv.
727 798 778 861 92.
795 780 825 844 6.

258 911 331 966 198.
355 900 444 965 Ρίιιδ.
460 899 583 985 Αφαείί.
602 920 660 985 19:
685 901 826 978 Πλησίον
842 902 900 983 γάρ
916 901 933 964 θ
948 901 1021 966 νεῶς
1037 901 1124 964 ἐστιν
1138 901 1155 963 ἀ
1170 900 1224 977 τῆς
1235 896 1366 965 Ἰτωνίας

213 1003 354 1084 Ἀθηνῦς,
366 1003 414 1069 καὶ
428 1004 487 1087 πρὸ
502 1004 592 1067 αῦτοῦ
603 1006 745 1087 τρόπαιον
757 1005 893 1082 ἕστηκεν,
905 1003 921 1067 δ
932 1002 1027 1067 πάλαι
1043 1000 1170 1066 Βοιωτοὶ
1185 1001 1366 1085 Σπάρτωνος

214 1112 453 1190 στρατηγοῦντος
483 1109 612 1173 ἐνταῦθα
642 1105 818 1187 νικήσαντες
841 1105 1017 1186 Ἀθηναίους
1042 1107 1091 1171 καὶ
1110 1106 1264 1188 Τολμίδην
1290 1107 1365 1171 ἀπο-

214 1213 384 1278 κτείναντες
399 1213 544 1290 ἔστησαν.

257 1343 331 1397 199.
354 1330 452 1397 Paus.
482 1330 505 1397 i.
532 1347 582 1416 27.
613 1343 653 1412 5:
686 1329 835 1413 ’Ὕστερον
858 1334 891 1397 δὲ
918 1330 957 1397 ὣς
984 1331 1154 1410 ἐπανῆλθεν
1178 1331 1208 1396 ἐς
1233 1327 1365 1410 Ἀθήνας

213 1431 391 1522 (Τολμίδης)
418 1485 425 1500 .
452 1483 459 1498 .
488 1483 496 1497 .
523 1434 660 1517 ἐσέβαλε
689 1439 723 1500 δέ
760 1435 790 1501 ἐς
827 1433 975 1500 Βοιωτοὺς
1005 1436 1130 1521 στρατῷ·
1152 1432 1309 1516 πορθήσας
1332 1438 1365 1500 δέ

213 1542 267 1619 τῆς
281 1543 336 1622 γῆς
354 1539 410 1619 τὴν
427 1539 550 1619 πολλὴν
572 1539 621 1603 καὶ
641 1537 914 1620 παραστησάμενος
933 1538 1093 1622 πολιορκίη
1112 1537 1310 1620 Χαιρῶνειαν,
1326 1537 1367 1604 ῶς

213 1643 243 1708 ἐς
260 1642 315 1723 τὴν
329 1642 504 1724 Ἀλιαρτίαν
518 1644 681 1724 προῆλθεν,
698 1642 784 1708 αἰτός
800 1667 833 1706 τε
848 1645 1017 1726 μαχόμενος
1032 1639 1165 1708 ἀπέθανε
1185 1638 1284 1705 καὶτὸ
1306 1644 1366 1705 τῶν

212 1744 267 1827 ἤδη
285 1744 454 1828 στράτενμα
468 1745 587 1824 ἡττᾶτο.

256 1876 337 1931 200.
361 1863 415 1930 Id.
440 1864 487 1929 ix.
515 1884 566 1951 34
594 1885 632 1930 1:
667 1863 747 1947 Πρίν
769 1868 801 1930 δέ
824 1866 854 1932 ἐς
879 1866 1050 1948 Κορώνειαν
1072 1864 1107 1945 ἐξ
1129 1865 1367 1946 Ἀλαλκομενῶν

213 1968 386 2053 ἀφικέσθαι,
402 1973 453 2049 τῆς
470 1969 602 2036 Ἰτωνίας
617 1966 746 2047 Ἀθηνᾶς
764 1971 831 2034 ἐστὶ
845 1968 879 2033 τδ
896 1970 986 2050 ἱερόν.

257 2099 331 2158 201.
354 2088 439 2154 ΡΙαῦ.
450 2087 557 2154 Alcib.
569 2089 592 2153 i.
605 2108 684 2155 112:
707 2089 803 2169 Οἶμαι
821 2094 854 2156 δέ
871 2086 919 2153 καί
936 2136 943 2151 .
960 2137 968 2152 .
985 2137 993 2153 .
1010 2093 1072 2155 τοῖς
1087 2137 1094 2153 .
1112 2136 1120 2152 .
1137 2135 1145 2151 .
1162 2089 1196 2151 ἐν
1211 2090 1366 2174 Κορωνείᾳ

212 2190 452 2282 (ἀποθανοῦσιν),
469 2195 501 2258 ἐν
522 2194 567 2260 οίς
589 2194 638 2258 καὶ
662 2195 679 2258 δ
699 2193 754 2262 σῦς
778 2194 876 2273 πατὴρ
900 2193 1041 2260 Κλεινίας
1068 2191 1277 2271 ἐτελεύτησεν,
1297 2191 1365 2256 αῦδέ

213 2294 281 2377 περί
296 2300 363 2362 ἐνὸς
378 2297 507 2377 ἀλλονὴ
524 2299 655 2379 διαφορά
672 2294 691 2377 ἢ
707 2293 842 2378 περὶτοῦ
858 2296 974 2361 δικαίαν
988 2322 1021 2361 τε
1040 2304 1126 2360 κ.τ.λ.
1192 2305 1204 2313 ”

256 2435 336 2491 202.
359 2424 460 2490 Isocr.
481 2427 519 2489 16
534 2425 574 2490 de
589 2418 687 2510 Βίρθα
704 2425 762 2492 28:
790 2426 886 2493 Αῦτὸς
902 2427 935 2492 δέ
950 2426 1136 2508 κατελείφθη
1151 2426 1207 2504 μέν
1224 2423 1365 2519 ὀρφανός,

212 2531 302 2613 ἀγάρ
316 2530 415 2611 πατὴρ
430 2530 519 2595 αῦτοῦ
534 2531 706 2613 μαχόμενος
721 2531 753 2594 ἐν
769 2531 923 2615 Κορωνείᾳ
938 2535 1000 2595 τοῖς
1015 2530 1173 2609 πολεμίοις
1188 2527 1348 2594 ἀπέθανεν.

256 2633 343 2700 Plus.
360 2634 433 2699 Alc.
452 2649 480 2699 1.
526 2631 588 2700 See
604 2634 711 2701 below
726 2645 788 2700 VI.
803 2645 874 2700 192.
1098 2644 1103 2650 “

581 2847 717 2913 Results
737 2846 777 2934 os
793 2847 844 2913 ίλε
867 2847 987 2913 Battle.

254 2984 353 3051 Diod.
370 2986 430 3050 xii.
451 3001 479 3067 7.
526 2985 588 3051 See
606 2984 713 3051 below
729 2996 810 3051 908.

257 3110 334 3172 209.
357 3099 441 3170 Xon.
457 3099 596 3171 Memor.
611 3104 657 3172 ii'L
679 3122 710 3190 5.
731 3125 772 3185 4:
794 3105 884 3170 Ἀλλ’
907 3106 979 3191 ὁρᾷς
1001 3106 1048 3170 ὅτι
1071 3104 1125 3185 ἀφ’
1149 3099 1184 3171 οῦ
1209 3105 1230 3186 ἥ
1252 3133 1286 3171 τε
1308 3106 1366 3170 σῦν

211 3211 350 3298 Τολμίδῃ
366 3210 426 3274 τῶν
440 3209 550 3294 χιλίων
565 3211 598 3275 ἐν
617 3208 772 3296 Λεβαδείᾳ
791 3213 936 3293 συμφορὰ
951 3209 1071 3294 ἐγένετο
1088 3207 1166 3290 καὶὴ
1181 3209 1246 3290 μεθ’
1258 3207 1365 3274 Ἱππο-

213 3312 337 3396 κράτονς
355 3311 405 3378 ἐπὶ
430 3315 544 3399 Δηλίιρ,
560 3316 593 3378 ἐκ
616 3313 729 3379 τούτων
753 3314 967 3379 τεταπείνωται
990 3317 1047 3395 μέν
1070 3310 1089 3393 ἡ
1114 3317 1174 3377 τῶν
1195 3312 1366 3393 Ἀθηναίων

212 3416 287 3497 δόξα
301 3416 375 3500 πρὸς
390 3417 459 3485 τοῦς
478 3417 635 3492 Βοιωτούς,
653 3419 778 3500 ἐπῆρται
793 3419 825 3481 δέ
839 3416 875 3481 τὸ
895 3425 956 3482 τῶν
972 3419 1123 3497 Θηβαίων
1137 3419 1275 3499 φρόνημα
1290 3422 1366 3497 πρὸς

211 3521 280 3589 τοῦς
304 3519 492 3602 Ἀθηναίους·
517 3522 597 3586 ὥστε
616 3519 741 3585 Βοιωτοί
765 3520 830 3602 μέν,
847 3523 875 3585 οί
896 3518 1030 3603 πρόσθεν
1053 3520 1116 3585 οὐδ’
1141 3521 1230 3608 ἐντῇ
1252 3524 1365 3586 ἑαυτῶν

212 3628 383 3706 τολμῶντες
407 3624 579 3704 Ἀθηναίοις
601 3622 673 3690 ἀνευ
689 3625 931 3704 Λακεδαιμονίων
952 3650 985 3690 τε
1001 3625 1051 3689 καὶ
1065 3628 1126 3688 τῶν
1141 3624 1247 3689 ἀλλων
1262 3628 1365 3689 Πελο-

211 3730 386 3807 ποννησίων
404 3728 641 3803 ἀντιτάττεσθαι,
654 3733 708 3794 νῦν
719 3729 900 3792 ἀπειλοῦσιν
915 3724 999 3792 αῦτσί
1016 3726 1078 3792 καθ
1095 3726 1201 3794 αῦτοῦς
1217 3729 1365 3807 ἐμβαλεῖν

212 3834 256 3897 είς
271 3830 326 3910 τὴν
341 3829 488 3911 Ἀττικήν,
503 3829 659 3909 Ἀθηναῖοι
675 3830 716 3910 δέ,
732 3830 762 3895 oi
777 3827 923 3914 πρότερον
937 3835 1118 3914 πορθοῦντες
1132 3829 1187 3912 τὴν
1208 3821 1364 3910 Βοιωτίαν,

213 3936 383 4017 φοβοῦνται
400 3933 441 4016 μὴ
457 3932 583 3998 Βοιωτοὶ
599 3935 743 4020 δῃώσωσι
759 3934 813 4014 τὴν
827 3933 978 4013 Ἀττικήν.

342 4129 465 4188 nevolt
486 4129 526 4187 or
543 4128 682 4200 Megara
703 4131 772 4188 and
794 4126 1004 4200 Expedition
1025 4132 1063 4187 to
1079 4129 1236 4200 Megaris.

256 4270 335 4325 204.
357 4259 457 4325 Thus.
475 4259 497 4324 i.
525 4276 595 4343 115.
622 4280 659 4323 1:
692 4258 811 4325 Nisaia
830 4259 898 4324 and
924 4259 1025 4347 Pegai
1054 4258 1092 4323 in
1120 4259 1306 4348 possession
1330 4256 1369 4324 of

211 4363 396 4428 Athenians
411 4365 448 4427 in
463 4381 522 4428 so.
539 4377 613 4446 445.

255 4496 336 4551 205.
360 4482 458 4550 Diod.
483 4484 541 4550 xii.
564 4500 602 4568 5:
637 4482 706 4550 Ἐπ’
734 4484 880 4567 ἄρχοντος
904 4487 936 4550 δέ
961 4480 1111 4564 Ἀθήνησι
1137 4485 1290 4548 Φιλίσκον
1306 4531 1313 4546 .
1330 4529 1363 4547 ..
