3000 5046
172 359 283 425 μοι]
429 354 522 412 Hm
546 354 702 413 Αιιιιῑς
725 356 820 414 am)
846 357 1063 417 οοιουιιῑς.
1151 314 1155 323 ’
1182 314 1323 445 ''tal-101

217 557 273 610 ιο.
298 545 332 610 ο.
346 544 377 610 1.
393 548 435 614 A.
453 548 475 612 i.
496 567 582 634 4333
606 549 724 629 fflcks,
739 572 793 618 no.
815 572 871 636 19:
903 551 1096 638 ’πρεχαυα
1110 551 1202 638 [μοι
1225 520 1330 649 εμῑξυ

172 650 303 728 πολίμοι
318 649 467 718 ἀπίθανον
482 655 514 718 ἐν
525 658 639 736 Κόπραι
654 656 687 719 ἐν
696 656 861 739 Αἰγήόπίτοι
875 659 908 721 ἐν
920 661 1057 722 Φοινίκει
1073 660 1106 722 ἐν
1121 658 1278 722 Ἀλιεῦσιν
1291 661 1330 724 ἐν

172 754 291 836 Αἰγίνει
306 757 460 842 Μεγαρῦήι]
474 762 509 822 τῦ
524 757 597 822 αῦτδ
612 760 738 824 ἐνιαντὸ.
785 759 853 824 The
868 781 981 826 names
996 759 1118 827 follow.
1385 765 1395 777 ⁹

591 859 720 927 Letters
739 871 886 939 ΛΑΜ)

678 1022 824 1109 Αίρίιια.

216 1151 265 1204 81.
290 1139 390 1206 Thuc.
407 1142 428 1208 i.
451 1158 520 1227 105.
537 1163 620 1224 2-43
645 1148 716 1210 108.
732 1167 763 1224 4.

216 1270 271 1322 82.
294 1257 391 1325 Dio&
407 1260 453 1325 xi.
475 1275 534 1342 70:
558 1259 625 1326 Ἐπ’
640 1260 789 1347 ἄρχοντος
809 1261 835 1327 δ’
850 1258 1017 1342 Ἀθήνησιν
1032 1261 1246 1346 Ἀρχεδημίδου
1263 1312 1269 1327 .
1288 1312 1295 1327 .
1314 1311 1322 1328 .

171 1361 321 1442 ὀλυμπιὰς
347 1364 373 1428 δ’
398 1363 477 1447 ήχθη
506 1366 715 1448 ἑβδομηκοστὴ
740 1365 789 1431 καί
812 1366 913 1443 ἐνάτη,
941 1362 1006 1429 καθ’
1028 1363 1066 1444 ήν
1091 1367 1175 1431 ἐνίκα
1198 1365 1323 1431 στάδιον

172 1468 323 1548 Ξενοφῶν
345 1469 527 1550 Κορίνθιος.
543 1519 551 1535 .
568 1519 576 1535 .
592 1468 640 1557 (2)
657 1469 820 1554 Αἰγινήτας
840 1469 1029 1536 ἀποστάντας
1044 1469 1200 1549 Ἀθηναῖοι
1215 1496 1323 1553 χειρω-

171 1570 299 1651 σάμενοι
315 1571 369 1650 τήν
388 1572 514 1654 Αἴγιναν
530 1578 704 1655 πολιορκεῖν
720 1576 935 1657 ἐπεχείρησαν·
958 1574 1031 1651 αὕτη
1047 1571 1137 1655 γάρὴ
1154 1574 1243 1640 πόλις
1259 1579 1323 1641 τοῖς

171 1673 247 1738 κατὰ
264 1673 416 1739 θάλατταν
432 1676 530 1758 άγιῦσι
542 1677 692 1746 πολλάκις
705 1677 890 1760 εὐημεροῦσα
902 1675 1093 1758 φρονήματός
1104 1702 1137 1741 τε
1152 1674 1270 1758 πλήρης
1287 1676 1323 1755 ήν

172 1774 221 1840 καί
243 1778 404 1861 χρημάτων
427 1778 475 1843 καὶ
498 1788 626 1862 τριηριῦν
649 1781 815 1863 εῦπορεῖτο,
831 1778 879 1844 καί
894 1785 928 1843 τδ
944 1781 1076 1845 σόνολον
1091 1781 1258 1861 ἀλλοτρίως
1275 1782 1322 1845 άεί

171 1882 297 1946 διέκειτο
320 1883 393 1961 πρὸς
408 1881 595 1961 Ἀθηναίους.
641 1882 687 1972 (3)
710 1888 815 1966 διόπερ
833 1884 1072 1966 στρατεύσαντες
1092 1882 1139 1947 ἐπ’
1154 1884 1246 1963 αῦτὴν
1268 1885 1323 1963 τήν

170 1984 274 2067 χάραν
289 1980 438 2071 ἐδήωσαν,
454 1983 503 2051 καί
521 1986 575 2066 τήν
597 1990 724 2070 Αἴγιναν
740 1992 969 2067 πολιορκοῦντες
985 1987 1133 2051 ἔσπευδον
1150 1991 1232 2052 ἑλεῖν
1248 1991 1322 2051 κατὰ

171 2086 288 2168 κράτος.

216 2217 269 2273 83.
292 2207 380 2274 Ιδίιί.
404 2210 454 2291 78.
479 2231 516 2295 3:
539 2211 693 2276 Τοιούτων
715 2214 748 2276 δέ
771 2209 1000 2293 εῦημερημάτων
1022 2211 1121 2277 αῦτοΐς
1144 2211 1323 2294 γενομένων,

171 2311 239 2379 τοῦς
269 2312 432 2395 Αἰγινήτας
460 2316 588 2396 ὁρῶντες
615 2313 947 2397 πεφρονηματισμένους
969 2318 1025 2395 μέν
1048 2318 1114 2382 ταῖς
1141 2341 1322 2398 προγεγενη-

170 2417 274 2497 μέναις
291 2416 447 2498 πράξεσιν,
462 2420 630 2499 ἀλλοτρίως
651 2421 683 2483 δέ
707 2419 832 2503 ἔχοντας
855 2417 930 2500 πρδς
949 2417 1064 2498 αὐτούς,
1079 2418 1218 2502 ἔγνωσαν
1233 2444 1322 2483 κατα-

171 2524 353 2600 πολεμῆσαι.
398 2519 446 2609 (4)
461 2527 508 2586 διδ
523 2520 571 2586 καί
587 2523 701 2587 στόλον
716 2520 763 2587 ἐπ’
779 2521 885 2590 αῦτοῦς
900 2519 1064 2605 ἀξιόλογον
1075 2520 1322 2587 ἀποστειλάντων

171 2630 231 2688 τῶν
254 2623 430 2703 Ἀθηναίων,
458 2627 487 2689 οἰ
517 2627 572 2705 τήν
602 2630 730 2710 Αἴγιναν
759 2631 974 2707 κατοικοῦντες,
1002 2624 1140 2708 μεγάλην
1166 2627 1322 2707 ἐμπειρίαν

171 2729 293 2810 ἔχοντες
310 2726 359 2792 καί
375 2728 466 2808 δόξαν
480 2735 541 2796 τῶν
556 2729 631 2793 κατὰ
647 2729 800 2795 θάλατταν
816 2730 950 2812 ἀγόνων,
967 2730 1001 2793 οὗ
1017 2727 1253 2812 κατεπλάγησαν
1267 2730 1322 2809 τήν

171 2832 321 2914 ὑπεροχὴν
345 2839 403 2895 τῶν
423 2831 599 2913 Ἀθηναίων,
615 2834 737 2918 ἔχοντες
760 2837 792 2898 δέ
814 2832 943 2915 τριήρεις
960 2832 1064 2900 ἱκανάς
1083 2831 1131 2897 καὶ
1151 2859 1321 2915 προσκατα-

172 2936 373 3002 σκευάσαντες
389 2938 499 3018 ἐτέρας,
514 2936 739 3021 ἐναυμάχησαν,
757 2938 805 3000 καὶ
819 2935 997 3018 λειφθέντες
1017 2935 1177 3016 άπέβαλου
1191 2935 1321 3018 τριήρεις

171 3040 389 3121 ἐβδομήκοντα·
413 3040 625 3123 συντριβέντες
651 3043 684 3105 δέ
709 3047 771 3107 τοῖς
794 3038 968 3122 φρονήμασι
992 3044 1042 3105 διδ
1063 3046 1098 3104 τδ
1119 3040 1245 3122 μέγεθος
1268 3043 1321 3118 τῆς

172 3148 339 3226 συμφορᾶς,
351 3143 587 3224 ἠναγκάσθησαν
597 3147 640 3210 εἰς
651 3145 707 3223 τὴν
716 3144 885 3222 Ἀθηναίων
897 3143 1076 3208 συυτέλειαν
1088 3146 1319 3227 καταταχθῆναι.

170 3251 332 3329 ταῦταμὲν
349 3248 401 3312 οῦν
419 3249 596 3330 Λεωκράτης
615 3251 632 3312 ά
648 3248 816 3330 στρατηγὸς
838 3245 1045 3329 κατεπράξατο
1059 3252 1122 3314 τοῖς
1136 3244 1318 3326 Ἀθηναίοις,

170 3351 236 3419 τοὺς
251 3351 365 3417 πάντας
380 3350 607 3432 διαπολεμήσας
621 3356 717 3431 μῆνας
733 3352 817 3418 ἐννέα
833 3357 906 3433 πρδς
922 3352 991 3418 τοῦς
1006 3351 1176 3434 Αἰγινήτας.

214 3483 269 3537 84.
303 3471 419 3557 Lysias
451 3490 469 3537 2
498 3469 660 3556 Epitaph.
689 3471 748 3549 48:
786 3469 918 3557 Ὕστέριρ
948 3473 981 3535 δὲ
1009 3471 1109 3554 χρόνῳ
1138 3467 1320 3548 Ἑλληνικοῦ

169 3577 303 3655 πολέμου
326 3574 530 3641 καταστάντος
555 3573 604 3639 διά
627 3576 719 3654 ζῆλον
741 3579 801 3639 τῶν
823 3573 1030 3657 γεγενημένων
1053 3571 1101 3639 καί
1124 3574 1238 3654 φθόνον
1260 3578 1320 3638 τιῦν

170 3678 398 3761 πεπραγμένων,
413 3678 491 3761 μέγα
505 3682 562 3760 μέν
577 3678 707 3745 άπαντες
728 3684 921 3761 φρονοῦντες,
937 3681 1049 3759 μικρῶν
1072 3677 1097 3742 δ’
1122 3676 1319 3760 ἐγκλημάτων

169 3784 293 3849 ἔκαστοι
319 3784 467 3863 δεόμενοι,
496 3785 662 3866 ναυμαχίας
685 3781 860 3860 Ἀθηναίοις
885 3781 960 3863 πρὸς
987 3778 1151 3862 Αἰγινήτας
1174 3777 1223 3843 καί
1249 3780 1320 3848 τοῦς

169 3889 291 3953 ἐκείνων
307 3886 482 3970 συμμάχους
493 3884 652 3968 γενομένης
664 3884 872 3967 ἐβδομήκοντα
884 3884 1012 3967 τριήρεις
1023 3885 1120 3949 αὐτῶν
1131 3882 1319 3964 ἐλάμβανον.

212 3992 247 4056 0.
264 3989 294 4056 I.
315 3989 354 4057 A.
371 3991 393 4055 i.
409 4010 484 4076 433.
530 3988 591 4054 See
606 3988 713 4055 above
730 4002 786 4055 ⁸0.

530 4180 708 4246 Athenian
728 4179 956 4245 Βοάῦοαδιλυιο.

213 4313 267 4367 85.
289 4300 536 4387 Dittenberger,
547 4299 629 4386 Syll.
642 4301 667 4365 Ι
665 4321 750 4366 υτον.
765 4299 821 4366 Gr.
834 4321 857 4379 4
869 4324 876 4374 ;
892 4298 1009 4375 Hiclm,
1019 4319 1072 4363 no.
1085 4317 1126 4364 20
1139 4322 1146 4359 ε
1161 4297 1317 4361 Ἀθεναῖοι

169 4405 319 4472 άνέθεσαν
343 4411 396 4473 τέν
422 4409 517 4473 στοὰν
544 4403 611 4490 ήα]ἰ
636 4409 673 4471 τδ
695 4403 799 4490 ’όπλήα
823 4401 882 4488 κήαί
906 4403 1081 4485 τάκροτέρια
1106 4399 1237 4467 ἐλόντες
1264 4403 1318 4464 τῦν

168 4509 345 4596 πηιεμιορ.
