3000 5046
140 353 233 418 ‘1-20.]
372 345 458 403 THE
483 345 715 404 ATHENIAN
741 344 1063 405 CONSTITUTION.
1233 358 1292 401 201

141 545 213 605 ναῦν
228 540 431 622 ποιησάμενος
454 543 557 622 ὥσπερ
580 543 609 605 οί
632 545 694 616 νῦν,
714 539 785 604 ἀλλ’
808 543 842 604 ἐκ
864 546 924 605 τῶν
947 542 1037 605 αὑτοῦ
1060 546 1212 619 δαπανῶν,
1226 541 1294 603 οῦδὲ

140 645 276 725 δεύτερος
297 647 384 713 αὐτὸς
406 643 449 712 ὧν
471 645 553 710 ἀλλὰ
576 644 650 709 κατὰ
671 646 773 725 μόνας,
796 644 865 710 οῦδὲ
889 645 942 709 δύο
965 645 1017 723 ἔτη
1040 646 1190 709 διαλιπὼν
1213 641 1294 708 ἀλλὰ

142 755 287 832 συνεχῶς.

356 870 453 935 Some
473 868 637 936 Materiae
658 869 815 955 supplied
837 867 878 955 by
900 867 950 934 the
972 869 1072 934 State.

185 1008 234 1061 12.
258 995 360 1063 Thuo.
376 997 409 1062 ii.
424 1017 486 1077 243
508 1000 553 1064 vi.
570 1019 624 1085 31.
641 1018 671 1084 3.

186 1117 493 1203 MMQW:

267 1228 419 1287 ΚΛΕΩΝ.
442 1222 522 1306 Ἐγύ
546 1251 583 1290 σε
607 1225 727 1305 ποιήσω
750 1250 830 1306 τριη·

444 1334 578 1411 ραρχεῖν,
602 1330 805 1394 δναλίσκοντα
828 1335 887 1394 τῦν

447 1437 567 1509 σαυτοῦ,
592 1436 725 1498 παλαιᾶν
749 1439 822 1499 ναῦν
842 1431 952 1518 ἔχοντ’,

447 1537 490 1604 είς
511 1534 549 1615 ἣν
572 1537 692 1602 ῦναλῦν
714 1538 767 1602 οῦκ
788 1537 861 1619 ἐφί-

448 1637 510 1717 ξεις
534 1641 600 1705 οῦδὲ
621 1641 873 1724 ναυπηγούμενος·

448 1742 713 1827 διαμηχανήσομαί
734 1741 761 1808 θ’
785 1746 867 1811 ὅπως

447 1844 485 1910 δυ
509 1848 606 1912 ίστίου
630 1852 748 1931 σαπρὸν
771 1848 882 1934 λάβῃς.

331 2031 473 2097 θααοναί
495 2032 803 2116 ῦωμσιῦυίοιιύσωοο
825 2032 866 2119 by
888 2033 939 2098 the
961 2031 1113 2099 θοωηυῦί.

189 2162 237 2216 14.
262 2147 393 2241 [Arist]
410 2150 508 2236 Resp.
529 2151 606 2218 Ath.
621 2154 674 2231 46.
720 2152 866 2220 0101.
886 2155 930 2221 A.
950 2154 973 2218 i.
991 2169 1041 2237 77,
1060 2154 1111 2236 78.

620 2339 684 2405 The
707 2340 823 2406 Οναιοο.

188 2478 237 2533 15.
261 2467 362 2533 Thue.
376 2468 422 2533 iii.
442 2485 490 2551 17.
508 2488 547 2554 33
569 2468 614 2534 vi.
630 2488 683 2554 31.
700 2488 729 2554 3.

600 2647 664 2714 The
688 2647 839 2735 Τνῦίίμαι.

189 2786 237 2840 16.
260 2773 428 2841 Demosth.
443 2797 482 2855 14
493 2777 533 2841 de
544 2777 673 2861 ιῦμυιυι.
692 2796 751 2863 23:
769 2777 876 2846 Ὀτως
887 2777 925 2843 δυ
938 2782 1061 2859 τῶνμὲν
1072 2781 1154 2845 ὅλων
1166 2782 1296 2864 νεωρίων

144 2880 178 2945 ἓν
192 2880 304 2967 ἑκάστῃ
319 2881 408 2962 μέρος
423 2879 443 2968 ᾖ
458 2888 517 2946 τῶν
532 2889 647 2962 φυλῶν,
662 2887 714 2945 τοῦ
730 2886 762 2947 δὲ
776 2881 883 2963 μίμους
898 2881 1027 2948 ἑκάστου
1042 2890 1076 2947 τὸ
1090 2885 1191 2964 τρίτον
1205 2884 1295 2965 μέρος

144 2983 162 3061 ἡ
187 2984 302 3065 τριττὺς
325 2988 393 3071 ἔχῃ,
417 2988 514 3063 εἰδῆτε
535 2984 572 3064 δ’,
594 2984 632 3050 ἄν
654 3010 683 3049 τι
705 2985 769 3073 δέῃ,
791 2990 987 3068 πρῶτονμὲν
1009 2987 1065 3067 τήν
1085 2986 1196 3067 φυλήν,
1219 2989 1295 3052 ὅπου

144 3087 291 3162 τέτακται,
316 3092 392 3169 μετὰ
418 3093 507 3153 ταῦτα
539 3093 572 3154 δὲ
603 3089 658 3168 τὴν
687 3091 812 3172 τριττύν,
840 3090 906 3155 εἶτα
935 3088 1110 3173 τριήραρχοι
1139 3091 1219 3159 τίνες
1246 3094 1294 3156 καὶ

144 3190 273 3273 τριήρεις
288 3196 382 3269 ποῖαι,
402 3195 451 3257 καὶ
470 3191 630 3274 τριάκοντα
649 3196 704 3273 μὲν
726 3192 745 3272 ἡ
769 3193 864 3274 φυλή,
880 3196 952 3260 δέκα
966 3193 1026 3273 δὀἱ
1047 3194 1165 3276 τριττὺς
1183 3195 1294 3272 ἑκάστη

144 3293 271 3375 τριήρεις
288 3295 354 3381 ἔχῃ.

188 3412 446 3500 1'1.Ditt.Syll.
473 3433 584 3499 299:
602 3415 635 3479 0.
663 3414 691 3481 Ι.
716 3417 756 3481 A.
784 3414 806 3480 i.
835 3432 918 3500 517:
955 3417 1056 3501 [Δεῦρ’
1084 3416 1295 3504 Ἐλε]Ιυσινίον

145 3516 288 3604 [τρήιττῦς
303 3518 479 3604 τελ[ε]ήυτᾶι,
496 3519 657 3605 Περα[ι]Ιῦν
676 3522 708 3584 δὲ
723 3520 850 3606 τριττίῦς
864 3519 1000 3602 ἄρχεται.
1043 3520 1155 3585 Letter
1173 3535 1188 3600 5

493 3707 720 3792 Οοοιροςίίῦοα
743 3707 782 3793 os
799 3706 850 3773 the
873 3708 989 3774 (ἔτεινε.

189 3846 239 3900 18.
261 3835 362 3902 Thue.
379 3836 399 3902 i.
420 3856 491 3904 121.
508 3858 551 3923 3;
576 3857 645 3923 143.
669 3857 708 3919 13
731 3837 780 3905 iii.
801 3840 903 3918 16.1;
926 3836 997 3902 viii„
1014 3853 1064 3922 73.
1081 3853 1111 3922 5.

189 3967 238 4021 19.
262 3955 362 4023 Isocr.
377 3957 395 4020 8
410 3958 450 4022 de
461 3956 541 4022 Pac.
557 3959 619 4037 48:
643 3960 702 4024 Καὶ
717 3961 786 4025 τότε
800 3962 855 4040 μὲν
871 3960 897 4023 εί
914 3956 1042 4039 τριήρεις
1058 3963 1214 4041 πληροῖεν,
1227 3960 1295 4028 τοῦς

144 4063 200 4141 μὲν
222 4059 325 4141 ξένους
348 4064 396 4127 καὶ
418 4063 488 4131 τοὺς
510 4063 637 4131 δούλους
660 4064 768 4132 ναύτας
791 4063 999 4144 είσεβίβαζον,
1023 4062 1090 4129 τοὺς
1112 4064 1146 4128 δὲ
1168 4065 1296 4132 πολίτας

142 4164 207 4245 μεθ’
224 4166 329 4230 ὅπλων
343 4164 522 4246 ἐξέπεμπον.

189 4263 304 4356 [Χου]
320 4267 415 4355 Βωμ.
432 4269 510 4334 Αίίι.
526 4269 547 4333 i.
569 4289 616 4334 12.
662 4269 721 4335 See
735 4279 798 4334 IV.
816 4281 864 4336 21.

188 4398 244 4454 ²0.
269 4385 382 4480 [Xon]
398 4386 494 4473 pr.
511 4388 589 4455 Ath.
605 4389 628 4454 i.
646 4407 685 4454 2:
715 4389 753 4454 ‘O
769 4394 861 4470 δῆμός
877 4395 961 4456 ἐστιν
976 4393 993 4455 δ
1008 4390 1143 4457 ἐλαύνων
1156 4389 1210 4458 τὰς
1224 4394 1296 4457 ναῦς

145 4495 194 4557 καὶ
210 4495 226 4556 ὁ
241 4493 296 4574 τὴν
311 4494 434 4575 δύναμιν
449 4493 611 4575 περιτιθείς
630 4496 667 4582 τῇ
687 4496 788 4560 πόλει·
819 4496 869 4559 καὶ
884 4498 942 4578 γὰρ
956 4496 985 4559 οί
1002 4496 1182 4575 κυβερνήται
1200 4494 1250 4559 καὶ
1265 4495 1295 4557 οἱ
