3000 5046
175 361 233 424 118
381 362 609 422 EXTERNAL
636 361 833 421 HISTORY
855 361 912 419 OF
933 359 1119 430 ATHENS,
1189 370 1324 437 [olam

171 563 204 625 δὲ
228 561 278 624 καὶ
304 563 357 623 τοῦ
387 559 502 623 στόλου
530 559 565 646 τῇ
590 559 665 645 πεζῇ
691 558 817 642 στρατιᾷ
840 555 1029 636 κατήντησαν
1053 559 1097 624 εἰς
1121 558 1249 638 Μέμφιν
1272 560 1326 636 τῆς

174 663 337 744 Αἰγύπτου.
382 658 431 747 (ν)
465 659 513 726 καί
542 662 578 726 τδ
606 664 662 742 μὶν
691 667 809 744 πρῶτον
839 661 895 741 τήν
919 662 1099 743 πολιορκίαν
1125 666 1180 724 τοῦ
1208 666 1325 726 Αευκοῦ

172 770 291 852 τείχους
300 767 425 846 ἔλυσαν,
437 764 700 846 καταπληξάμενοι
711 765 780 832 τοὺς
792 765 973 848 Αἰγυπτίους
989 766 1039 830 καὶ
1054 765 1123 832 τοὺς
1135 764 1324 844 Ἀθηναίους·

170 869 246 950 μετά
269 873 302 935 δέ
324 875 417 934 ταῦτα
440 869 597 952 ἐμφρόνως
620 868 866 949 βουλευσάμενοι
886 871 962 932 κατδ
982 869 1082 949 στόμα
1101 871 1158 949 μὲν
1172 868 1323 951 παρατάτ-

171 979 278 1038 τεσθαι
305 973 464 1050 διίκλινον,
495 971 725 1056 στρατηγήμασι
748 975 782 1036 δὲ
812 973 1043 1053 ἐφιλοτιμοῦντο
1074 975 1242 1036 καταλῦσαι
1271 977 1325 1036 τδν

171 1078 316 1156 πόλεμον.
360 1078 464 1157 διόπερ
479 1075 528 1141 καί
543 1081 603 1141 τιῖν
616 1076 764 1139 Ἀττικῶν
778 1081 855 1139 νεῶν
874 1075 1033 1157 ὁρμονσόν
1053 1077 1086 1139 ἐν
1106 1077 1143 1160 τῇ
1159 1077 1324 1156 Προσωπί-

170 1183 229 1242 τιδι
248 1176 397 1263 λεγομένῃ
423 1176 517 1261 νήσῳ,
537 1176 591 1240 τὸν
614 1175 810 1257 περιρρέοντα
827 1174 963 1254 ποταμόν
985 1174 1106 1258 διύρυξι
1123 1177 1324 1255 διαλαβόντες

169 1278 295 1364 ἤπειρον
310 1280 457 1358 ἐποίησαν
474 1280 527 1359 τὴν
542 1281 647 1357 νῆσον.
692 1275 739 1366 (3)
762 1284 822 1343 ταῖν
836 1280 869 1342 δὲ
880 1283 956 1343 νεῶν
967 1276 1055 1361 ἀφνω
1071 1279 1258 1356 καθιζουσιῖν
1272 1281 1324 1344 ἐπὶ

171 1381 266 1466 ξηρὰν
289 1384 344 1464 τήν
367 1387 435 1466 γῆν,
456 1385 486 1447 οἰ
509 1385 566 1462 μέν
586 1382 747 1465 Αίγύπτωι
766 1380 1009 1465 καταπλαγέντες
1031 1381 1232 1465 ἐγκατέλιπον
1253 1383 1324 1450 τοὺς

169 1483 348 1566 Ἀθηναίους
370 1489 417 1551 καὶ
440 1486 514 1571 πρὸς
535 1485 603 1554 τοὺς
624 1486 749 1567 Πέρσας
768 1486 957 1551 διελύσαντο·
981 1487 1011 1550 οί
1026 1488 1059 1550 δέ
1073 1486 1231 1566 Ἀθηναῖοι
1246 1512 1323 1568 συμ-

169 1588 277 1674 μάχων
299 1592 383 1657 ὄντες
405 1591 510 1672 έρημοι
528 1591 578 1655 καὶ
601 1592 655 1655 τὰς
680 1593 752 1658 ναῖς
775 1591 901 1671 ὁρῶντες
924 1587 1094 1672 ἀχρήστους
1108 1589 1323 1672 γεγενημένος,

170 1695 279 1781 ταύτας
292 1698 349 1776 μὲν
364 1693 543 1776 ἐνέπρησαν,
559 1696 642 1761 ὅπως
655 1694 697 1775 μὴ
712 1699 775 1761 τοῖς
789 1694 950 1774 πολεμίοις
960 1695 1132 1777 ὑποχείριοι
1142 1698 1323 1776 γενηθῶσιν,

170 1798 253 1863 αὐτοὶ
269 1800 301 1862 δὲ
317 1797 351 1862 ού
362 1797 606 1880 καταπλαγέντες
617 1798 673 1876 τήν
684 1799 838 1876 δεινότητα
849 1800 902 1878 τῆς
913 1797 1123 1879 περιστάσεως
1132 1797 1324 1880 παρεκάλουν

170 1901 324 1982 ἀλλήλους
350 1904 444 1983 μηδὲν
467 1899 592 1981 ἀνάξιον
616 1901 727 1985 πρᾶξαι
752 1906 813 1966 τῦν
839 1900 1162 1984 προκατειργασμένων
1187 1901 1322 1983 ἀγόνων.

170 2005 217 2094 (4)
239 2007 343 2088 διόπερ
364 2011 429 2071 ταῖς
449 2006 568 2089 ἀρεταῖς
583 2007 850 2087 ὑπερβαλλόμενοι
869 2005 939 2071 τοὺς
959 2006 993 2069 ἐν
1014 2005 1229 2088 Θερμοπύλαις
1246 2007 1322 2087 ύπέρ

171 2114 225 2189 τῆς
246 2108 398 2177 Ἑλλάδος
421 2110 638 2185 ἀποθανόντας,
653 2109 777 2188 ἑτοίμως
799 2108 884 2192 εἰχον
907 2108 1135 2191 διαγωνίζεσθαι
1158 2108 1233 2192 τρδς
1254 2108 1324 2176 τοὺς

169 2214 342 2295 πολεμίους.
373 2215 402 2277 οί
417 2217 449 2278 δὲ
466 2215 631 2295 στρατηγοὶ
645 2219 706 2277 τιῖν
717 2216 849 2294 Περσῶν
860 2211 1049 2294 Ἀρτάβαζος
1064 2209 1113 2275 καί
1130 2212 1322 2295 Μεγάβυζος,

170 2318 297 2397 ἀριῖντες
312 2317 368 2396 τήν
386 2316 560 2396 ὑπερβολὴν
574 2320 627 2394 τῆς
642 2316 801 2396 εὐτολμίας
812 2321 872 2379 τόν
887 2316 1042 2394 πολεμίων
1053 2313 1103 2379 καί
1112 2315 1323 2400 λογισάμενοι,

170 2421 247 2486 διότι
261 2421 383 2487 τούτους
395 2421 429 2484 ού
440 2425 566 2486 δυνατὸν
575 2421 695 2485 ἀνελεῖν
709 2418 781 2485 ἀνευ
794 2423 847 2483 τοῦ
864 2419 983 2485 πολλὰς
991 2418 1135 2503 μυριάδας
1150 2420 1322 2501 ἀποβαλεῖν

169 2529 230 2588 τῶν
251 2525 342 2601 ἰδίων,
358 2529 491 2591 σπονδάς
512 2522 615 2590 ἔθεντο
635 2523 710 2605 πρὸς
731 2522 800 2590 τοὺς
819 2519 1004 2602 Ἀθηναίους,
1020 2520 1085 2588 καθ’
1101 2524 1137 2590 ἀς
1152 2524 1213 2589 έδει
1231 2522 1323 2609 χωρίς

170 2629 313 2695 κινδύνων
328 2629 473 2693 ἀπελθεῖν
488 2626 598 2694 αύτούς
615 2629 648 2691 ἐκ
664 2631 716 2706 τῆς
731 2627 894 2709 Αἰγύπτου.
924 2621 972 2712 (5)
995 2629 1025 2691 οἰ
1036 2630 1092 2709 μέν
1103 2627 1156 2693 οὖν
1166 2628 1322 2706 Ἀθηναῖοι

169 2735 219 2797 διδ
236 2733 292 2812 τήν
308 2733 386 2797 ἰδίαν
401 2732 510 2812 ἀρετὴν
521 2733 664 2814 τυχόντες
675 2733 727 2809 τῆς
740 2732 889 2812 σωτηρίας
901 2731 1042 2810 ἀπῆλθον
1053 2733 1085 2796 ἐκ
1097 2735 1151 2811 τῆς
1161 2733 1323 2815 Αἰγύπτου,

170 2834 219 2899 καὶ
235 2836 284 2899 διὰ
299 2837 351 2912 τῆς
366 2834 482 2916 λιβύης
497 2836 541 2901 εἰς
557 2833 693 2916 Κυρήνην
709 2835 894 2902 ἀπελθόντες
910 2835 1074 2915 ἐπόθησαν
1088 2834 1264 2918 παραδόξως
1279 2839 1323 2902 εἰς

168 2939 225 3020 τήν
240 2940 376 3021 πατρίδα.

213 3088 282 3144 1³7.
304 3075 440 3142 An'stid.
456 3075 606 3141 Ρσσαιυ.
627 3090 687 3158 152
703 3075 734 3142 J.
750 3072 866 3163 (Dind.
882 3073 904 3139 i.
918 3097 950 3164 p.
965 3076 1060 3165 247)=
1084 3082 1168 3159 Πρὸς
1177 3083 1322 3143 τοσοῦτον

169 3182 315 3264 ἀφίκοντο
338 3183 367 3244 οἰ
389 3184 446 3261 μὲν
468 3182 512 3247 εἰς
534 3181 569 3245 τδ
593 3185 746 3265 Περσικὸν
767 3186 925 3248 τελοῦντες
946 3186 999 3245 τοῦ
1014 3181 1320 3265 καταφρονηθῆναι,ή

169 3285 259 3351 πόλις
281 3288 314 3350 δὲ
342 3289 395 3348 τοῦ
420 3282 534 3350 πάντας
560 3283 635 3372 αὐτῇ
661 3288 790 3367 θαρρεῖν,
814 3285 887 3348 ὥστ’
911 3284 1093 3366 ἐκινήθησαν
1117 3287 1173 3366 μὲν
1197 3288 1226 3350 οἰ
1247 3287 1322 3368 πρὸς

170 3388 261 3474 Φάριρ
275 3389 397 3471 Λίβυες,
413 3389 647 3467 συναπέστησαν
662 3392 695 3454 δὲ
713 3387 879 3471 Αἰγύπτιοι,
895 3388 1046 3470 βασιλεὺς
1062 3390 1096 3453 δέ
1111 3389 1206 3455 καίτοι
1221 3391 1322 3453 τάλλα

170 3496 245 3558 κατὰ
260 3499 331 3560 νοῦν
346 3491 413 3576 περί
427 3490 534 3559 αύτοδς
547 3490 659 3573 πράξαι
674 3498 771 3558 δοκῶν
791 3493 965 3558 ἀπόλλυσιν
980 3493 1132 3576 Αἰγύπτου
1146 3500 1254 3576 μοῖραν
1269 3494 1322 3559 οὐκ

168 3597 277 3680 άλίγην
291 3597 325 3661 τὸ
336 3597 415 3663 ἐλος.

211 3699 235 3764 J
237 3700 337 3765 nstin.
353 3697 401 3762 iii.
418 3699 448 3762 6.
464 3695 523 3785 (6)
568 3695 630 3764 See
645 3698 752 3764 above
766 3709 818 3766 7⁷.

214 3838 286 3893 1³8.
310 3827 409 3892 Isoer.
427 3828 446 3891 8
461 3826 502 3890 de
517 3824 595 3892 Pac.
613 3825 673 3891 86:
689 3829 744 3894 Εἰς
759 3826 914 3909 Αἴγυπτον
930 3828 986 3906 μέν
1000 3856 1036 3912 γε
1057 3812 1208 3895 διακόσιαι
1228 3831 1321 3896 πλεύ-

169 3956 265 3996 σασαι
280 3929 411 4013 τριήρεις
430 3931 532 3996 αύτοῖς
551 3935 616 3998 τοῖς
631 3932 814 4011 πληρώμασι
829 3930 1049 4015 διεφθάρησαν,
1064 3935 1133 4016 περί
1150 3938 1183 3999 δὲ
1202 3934 1323 4017 Κύπρον

168 4033 353 4115 πεντήκοντα
369 4032 416 4099 καί
432 4035 547 4100 ἐκατόν.

212 4181 285 4238 189.
306 4171 452 4238 Ατίεἰοά.
468 4171 513 4236 xi.
530 4192 550 4258 3
566 4168 616 4255 (F.
633 4172 677 4238 Η.
696 4172 732 4238 G.
749 4196 782 4238 v.
798 4193 831 4258 p.
852 4170 921 4260 14):
941 4174 1120 4240 Ἐπλευοαν
1134 4178 1167 4241 δέ
1184 4173 1322 4241 καὶκατὰ

169 4274 292 4357 Κύπρον
316 4277 366 4341 καί
390 4276 438 4340 ἐπ’
463 4278 627 4358 Αἴγυπτον.
674 4279 862 4358 ἐβασίλευσε
887 4279 921 4342 δέ
943 4282 997 4357 τῆς
1022 4279 1176 4361 Αἰγύπτου
1199 4279 1322 4362 Ἰνάρως

190 4376 199 4384 ’
223 4402 236 4443 ι
255 4379 466 4488 θαμμητίχου,
481 4378 515 4449 δς
535 4381 672 4447 ἀποστδς
693 4378 894 4464 Ἀρταξέρξου
908 4382 1042 4462 βοηθοὺς
1057 4382 1228 4467 ἐπηγάγετο
1243 4382 1323 4470 αύτηῖ

267 4482 439 4561 Αθηναίονς,
457 4484 566 4552 οἵτινες
578 4484 705 4567 έχοντες
720 4483 752 4549 π’
767 4489 837 4553 ναῦς
852 4486 1047 4570 ἐπολέμησαν
1063 4486 1113 4553 ἐπί
1129 4487 1180 4569 ἐτη
1201 4487 1237 4568 ἐξ
1259 4493 1322 4556 τοῖς
