3000 5046
139 381 251 449 οντα]
364 374 451 433 THE
475 373 710 433 ΑΤΗΕΝΙΑΝ
734 372 1056 434 CONSTITUTION.
1089 406 1091 410 ·
1233 386 1293 448 207

299 633 557 721 ρυαίίγίοοίίοιιο
571 633 633 721 sor
655 633 915 720 Ττιαουτοτιίιίμ
936 634 975 719 ⁰f
993 635 1137 702 Athena.

183 785 237 839 05.
255 770 390 864 [Λάαν]
401 772 498 858 Εοορ.
510 771 628 852 Λίδη.
643 787 672 855 7.
686 771 715 835 8.
727 789 770 854 47
782 772 1084 861 (εΗατρ.Ταμίαι).
1108 773 1171 840 See
1182 772 1290 840 below

139 887 240 943 1812

390 1073 550 1132 Politioal
572 1073 758 1144 wendonoy
781 1072 821 1131 of
837 1072 1037 1132 Aristoidos.

473 1201 625 1288 Ομροοοά
647 1207 680 1267 to
703 1200 944 1269 Τάιυιίοόοίιίιο.

184 1353 238 1408 66.
261 1340 349 1407 Plut.
366 1339 476 1407 Ἠιόνι.
493 1361 532 1427 3:
566 1339 654 1424 Ταχὺ
675 1341 777 1419 μέντοι
799 1338 849 1405 καὶ
870 1348 1012 1409 νεανικῶς
1032 1342 1129 1409 ἔοικεν
1149 1343 1291 1426 άψασθοι

140 1450 193 1510 τοῦ
209 1445 454 1525 Θεμιστοκλέους
473 1449 510 1509 πδ
532 1447 674 1509 πολιτικὰ
692 1443 853 1527 πράγματα
874 1443 922 1509 καί
941 1447 1062 1528 σφόδρα
1076 1445 1095 1526 η
1110 1452 1185 1529 πρὸς
1200 1445 1291 1527 δόξαν

141 1550 215 1632 ὁρμὴ
246 1552 400 1630 κρατῆσαι.
445 1549 484 1614 δι’
504 1547 543 1628 ἦν
567 1548 653 1616 εὐθὺς
679 1546 714 1628 ἔξ
743 1549 836 1632 άρχῆς
861 1553 914 1614 τοῦ
944 1551 1107 1631 πρωτεύειν
1132 1552 1291 1634 ἐφιέμενος

140 1655 251 1734 ἰταμῶς
273 1655 424 1735 ὑφίστατο
448 1655 500 1720 τὰς
527 1658 600 1734 πρὸς
623 1651 690 1718 τοὺς
712 1651 890 1730 δυναμένους
913 1655 947 1718 ἐν
967 1653 1002 1738 τῇ
1026 1655 1116 1719 πόλει
1139 1655 1187 1719 καὶ
1210 1680 1290 1738 πριο-

140 1758 280 1825 τεύουτας
309 1758 482 1841 ἀπεχθείας,
509 1755 644 1838 μάλιστα
668 1758 700 1819 δὲ
726 1754 916 1838 Ἀριστείδην
941 1756 995 1820 τὸν
1017 1757 1207 1841 Λυσιμάχου,
1236 1758 1292 1839 την

138 1861 278 1927 ἐναντίαν
301 1862 348 1926 άεὶ
375 1862 572 1942 πορευόμενος
599 1860 687 1942 αὐτῷ.
732 1859 830 1923 καίτοι
856 1864 939 1923 δοκεῖ
959 1859 1153 1927 παντάπασιν
1174 1861 1193 1940 ἡ
1216 1862 1291 1944 πρὸς

139 1968 244 2028 τοῦτον
267 1965 361 2047 ἔχθρα
383 1965 560 2046 μειρακιώδη
583 1968 695 2041 λαβεῖν
718 1960 823 2046 ἀρχήν·
855 1960 1034 2042 ἠράσθησαν
1049 1963 1107 2046 γάρ
1125 1965 1291 2046 ἀμφότεροι

140 2072 193 2130 τοῦ
209 2074 303 2131 καλοῦ
319 2069 487 2146 Στησίλεω,
505 2068 595 2132 Κείου
610 2065 746 2148 τὸγένος
762 2066 856 2142 ὄντος,
866 2064 905 2133 ὣς
917 2063 1067 2148 Ἀρίστων
1081 2069 1098 2131 δ
1114 2070 1290 2150 φιλόσοφος

142 2172 309 2254 ἱστόρηκεν.
355 2174 387 2237 ἐκ
415 2175 448 2236 δὲ
474 2173 580 2235 τούτου
606 2169 759 2235 διετέλουν
782 2170 832 2232 καὶ
857 2167 926 2250 περὶ
948 2169 985 2232 τά
1009 2171 1141 2252 δημόσια
1163 2172 1290 2238 στασιά-

143 2273 251 2352 ζοντες.
296 2276 330 2340 οὗ
344 2276 405 2356 μὴν
420 2273 490 2339 ἀλλ’
506 2274 524 2354 ἡ
541 2280 600 2340 τῶν
617 2274 698 2354 βίων
718 2273 767 2337 καὶ
782 2278 842 2338 τῶν
862 2273 981 2354 τρόπων
996 2275 1173 2356 ἀνομοιότης
1192 2277 1291 2343 ίοικεν

140 2376 268 2457 αὐξῆσαι
283 2380 338 2456 την
353 2376 512 2462 διαφοράν.
557 2374 657 2462 Πρᾷος
673 2379 730 2460 γδρ
747 2374 789 2441 δν
804 2376 896 2458 φύσει
915 2379 965 2441 καὶ
985 2384 1223 2462 καλοκαγαθικὸς
1238 2380 1291 2445 τὸν

140 2482 251 2562 τρόπον
275 2484 292 2546 δ
313 2482 514 2565 Ἀριστείδης,
539 2479 587 2545 καὶ
610 2480 842 2560 πολιτευόμενος
864 2480 899 2545 οὗ
921 2485 995 2560 πρὸς
1016 2479 1106 2563 χάριν
1128 2483 1196 2547 οὐδὲ
1217 2488 1292 2565 πρὸς

140 2583 241 2662 δόξαν,
272 2583 343 2648 ἀλλ’
367 2586 426 2649 άπδ
450 2591 502 2649 τοῦ
525 2586 692 2666 βελτίστου
715 2587 791 2663 μετὰ
817 2585 989 2664 ἀσφαλείας
1016 2580 1063 2648 καί
1090 2586 1291 2665 δικαιοσύνης,

139 2686 322 2769 ἠναγκάζετο
351 2685 392 2774 τῴ
423 2693 629 2767 Θεμιστοκλεῖ
657 2694 710 2753 τδν
739 2690 833 2768 δῆμον
865 2688 915 2753 ἐπὶ
948 2688 1051 2751 πολλὰ
1082 2694 1210 2755 κινοῦντι
1242 2687 1291 2754 καί

30 2811 32 2815 ’
139 2791 274 2874 μεγάλας
290 2793 462 2873 ἐπιφέροντι
484 2795 675 2874 καινοτομίας
694 2794 906 2858 ἐναντιοῦσθαι
919 2789 1080 2870 πολλάκις,
1097 2793 1291 2874 ἐνιστάμενος

140 2894 230 2959 αὐτοῦ
245 2901 319 2978 πρὸς
335 2897 389 2976 τὴν
403 2895 540 2975 αὔξησιν.

185 3024 237 3080 67.
260 3013 348 3080 Plut.
366 3015 452 3080 Cim.
471 3036 520 3080 10.
554 3017 614 3082 See
629 3026 691 3081 VI.
710 3027 763 3083 72.

456 3263 584 3320 Attaok
605 3277 650 3320 on
671 3262 730 3320 the
752 3260 969 3333 Areiopngos.

538 3389 681 3457 Αδοοιιοο
702 3389 740 3474 os
757 3390 900 3456 Kimon.

184 3538 238 3592 68.
261 3525 348 3593 Plut.
359 3525 437 3593 Per.
455 3543 485 3611 7.
519 3526 581 3594 See
595 3537 659 3593 VI.
676 3539 731 3593 93.

487 3724 564 3791 Fall
585 3723 624 3810 os
641 3723 693 3790 tlte
715 3723 931 3810 Ατοιομαμοο.

185 3874 240 3927 οο.
266 3857 400 3951 [Arist]
416 3861 513 3948 Raep.
530 3860 608 3927 Αιο.
626 3878 676 3946 25,
693 3876 745 3944 27·

183 4002 238 4057 70.
263 3992 408 4076 Ατηιιπι.
424 3989 527 4056 Ιιοοτ.
543 3991 664 4076 Αταορ.
680 3989 797 4079 (schol.
816 4011 868 4076 μυ.
886 3987 930 4055 in
945 3989 1058 4057 Αιοοίι.
1075 3998 1105 4057 et
1122 3990 1223 4060 Ιοοοτ.
1239 3993 1290 4060 ed.

139 4093 241 4161 Dind.
251 4092 379 4181 p.111):
394 4093 564 4176 Ἐφιάλτης
575 4121 621 4162 τις
632 4093 681 4159 καὶ
691 4097 905 4175 Θεμιστοκλῆς
915 4101 1140 4179 χρεωστοῦυτες
1151 4098 1188 4186 τῇ
1200 4099 1291 4165 πόλει

138 4197 278 4282 χρήματα
302 4200 350 4262 καὶ
375 4199 487 4265 είδότες
511 4200 557 4263 ὅτι
583 4200 636 4263 ἐὰν
659 4202 847 4263 δικασθθσιν
873 4200 903 4263 οί
925 4198 1148 4283 Ἀρεοπαγῖται,
1171 4201 1291 4271 πάντως

139 4302 344 4381 άποδόσουσι,
358 4307 526 4366 καταλῦσαι
541 4301 647 4367 αὐτοὺς
662 4301 790 4366 ἔπεισαν
803 4301 859 4381 τὴν
871 4301 974 4382 πόλιν,
986 4304 1080 4370 οὕτως
1094 4303 1195 4373 οὕτως
1209 4305 1291 4373 τινδς

138 4404 307 4484 μέλλοντος
329 4408 475 4487 κριθῆναι.
509 4406 604 4488 ὀγδρ
624 4403 835 4486 Ἀριστοτέλης
855 4403 941 4487 λέγει
958 4406 992 4470 ἐν
1012 4407 1048 4493 τῇ
1069 4408 1209 4493 πολιτεία
1230 4411 1291 4473 τάν

139 4507 307 4587 Ἀθηναίων
325 4511 371 4573 ὅτι
390 4507 439 4573 καί
462 4509 479 4571 ά
495 4510 708 4590 Θεμιστοκλῆς
723 4510 819 4574 αίτιος
837 4507 875 4588 ἦν
894 4508 937 4590 μὴ
956 4506 1056 4575 πάντα
1076 4509 1208 4590 δικάζειν
1221 4510 1292 4579 τοδε
