3000 5046
139 380 283 446 140-152]
397 371 490 430 HER
515 370 671 430 ALLIES
695 370 789 429 AND
816 369 1033 430 COLONIES.
1234 387 1289 430 121

138 565 337 646 ὑπελάμβανε
358 565 494 646 μάλιστα
521 570 573 645 τῆς
601 591 634 630 τε
658 566 780 647 Κύπρου
802 565 902 644 πάσης
923 567 1031 650 ρηδίως
1055 565 1222 648 κυριεύσειν
1244 563 1292 630 καὶ

139 669 207 734 τοὺς
224 669 346 750 Πέρσας
363 668 622 749 καταπλήξεσθαι,
637 673 765 751 βοηθεῖν
781 673 837 750 μὶν
855 675 918 735 τοῖς
934 671 1131 750 Σαλαμινίοις
1146 669 1187 750 μή
1204 675 1292 734 δυνα-

138 771 245 850 μένους
267 772 317 838 διὰ
340 773 375 838 τδ
397 777 652 857 θαλαττοκρατεῖν
675 775 744 840 τοὺς
769 773 956 854 Ἀθηναίους,
979 775 1237 856 ἐγκαταλιπόντας
1260 776 1293 838 δέ

140 876 208 943 τοὺς
232 876 406 962 συμμάχους
429 878 762 961 καταφρονηθήσεσθαι,
784 878 915 943 καθόλου
938 881 969 943 δέ
990 883 1044 944 τδν
1063 878 1137 942 ὅλον
1155 878 1293 958 πόλεμον

140 980 338 1061 κριθήσεσθαι
361 984 412 1058 τῆς
436 983 559 1065 Κύπρου
585 981 685 1061 πάσης
707 984 764 1068 βίη
786 983 994 1066 χειρωθείσης·
1019 983 1093 1063 ὅπερ
1112 977 1160 1045 καί
1177 981 1292 1061 συνέβη

139 1083 291 1167 γενέσθαι.
337 1083 384 1174 (3)
407 1087 436 1150 οἱ
451 1090 508 1166 μέν
522 1086 581 1170 γάρ
595 1084 750 1164 Ἀθηναῖοι
774 1084 1000 1165 συστησάμενοι
1022 1085 1198 1163 πολιορκίαν
1218 1089 1292 1163 πρδς

139 1189 175 1274 τῇ
200 1191 350 1268 Σαλαμῖνι
373 1188 438 1252 καθ’
464 1188 577 1270 ἡμέραν
598 1189 778 1270 προσβολὰς
800 1189 967 1265 ἐποιοῦντο,
988 1191 1018 1253 οί
1040 1187 1065 1252 δ’
1090 1190 1123 1253 ἐν
1145 1187 1181 1275 τῇ
1203 1187 1292 1251 πόλει

140 1299 333 1372 στρατιῶται,
350 1293 471 1376 ἔχοντες
494 1291 574 1372 βέλη
597 1289 646 1358 καὶ
669 1291 870 1373 παρασκευήν,
884 1294 992 1378 ῥᾳδίως
1015 1291 1075 1356 άπδ
1098 1299 1159 1357 τῶν
1182 1297 1293 1374 τειχῶν

139 1394 287 1475 ἠμύνοντο
313 1395 381 1460 τοὺς
407 1400 675 1478 πολιορκοῦντας..
694 1393 792 1482 ..(6)
814 1397 930 1476 συνέβη
956 1397 990 1460 δέ
1012 1397 1061 1460 καὶ
1087 1395 1140 1460 τδν
1167 1394 1293 1476 Κίμωνα

142 1494 209 1579 περὶ
224 1499 280 1578 τήν
301 1499 420 1582 Κύπρον
436 1502 632 1579 διατρίβοντα
648 1501 728 1586 νάσῳ
744 1502 932 1578 τελευτῆσαι.

183 1629 256 1684 152.
280 1619 368 1684 Plut.
382 1616 471 1685 Uim.
492 1622 551 1685 18:
576 1620 740 1703 Γενομένης
755 1618 781 1685 δ’
797 1620 915 1703 εἰρήνης
938 1622 1016 1702 ὁρῶν
1031 1620 1099 1685 τοὺς
1114 1619 1291 1698 Ἀθηναίους

140 1723 270 1807 ήσυχίαυ
291 1722 378 1808 άγειν
398 1725 440 1806 μή
460 1726 649 1806 δυναμένους,
665 1728 748 1789 άλλδ
774 1728 925 1789 κινεῖσθαι
948 1721 997 1790 καί
1020 1722 1204 1803 αὐξάνεσθαι
1226 1727 1291 1789 ταῖς

141 1827 311 1909 στρατείαις
348 1828 564 1908 βουλομένους,
595 1831 645 1895 ίυα
681 1829 722 1910 μή
760 1833 823 1894 τοῖς
856 1827 994 1906 Ἕλλησι
1032 1831 1184 1911 διοχλῶσι
1216 1829 1293 1906 μηδὲ

142 1929 210 2013 περὶ
237 1935 290 1997 τδς
313 1931 424 2012 νήσους
447 1930 466 2012 ἢ
491 1935 732 2012 Πελοπόννησον
758 1933 1019 2014 ἀναστρεφόμενοι
1047 1929 1135 1997 ναυσὶ
1161 1934 1292 1997 πολλαῖς

141 2036 236 2101 αἰτίας
260 2037 418 2119 ἐμφυλίων
440 2035 580 2115 πολέμων
603 2038 652 2100 καὶ
674 2042 871 2121 συμμαχικῶν
895 2035 1093 2117 ἐγκλημάτων
1114 2033 1208 2120 ἀρχάς
1225 2036 1292 2098 ἐπι-

141 2139 320 2205 σπάσωνται
347 2140 423 2204 κατά
450 2145 502 2221 τῆς
527 2141 656 2217 πόλεως,
683 2139 816 2221 ἐπλήρου
842 2140 997 2206 διακοσίας
1024 2139 1152 2223 τριήρεις
1179 2139 1218 2204 ὥς
1245 2137 1293 2202 ἐπ’

142 2243 296 2325 Αἴγυπτον
319 2240 367 2307 καὶ
392 2245 515 2328 Κύπρου
538 2244 622 2310 αὖθις
646 2247 947 2325 ἐκστρατευσόμενος,
964 2245 1025 2324 δμα
1047 2247 1103 2325 μὲν
1126 2245 1293 2324 ἐμμελετᾶν

141 2352 203 2412 τοῖς
220 2348 293 2428 πρὸς
309 2348 378 2413 τοὺς
393 2347 569 2430 βαρβάρους
585 2351 684 2432 ἀγῶσι
702 2350 890 2430 βουλόμενος
905 2349 973 2415 τοὺς
988 2348 1174 2428 Ἀθηναίους,
1190 2346 1251 2427 θμα
1266 2346 1291 2411 δ’·

141 2450 330 2531 ὠφελεῖσθαι
345 2453 466 2518 δικαίως
482 2455 535 2519 τάς
551 2455 611 2517 άπδ
632 2459 692 2518 τῶν
715 2453 808 2535 φύσει
831 2457 986 2533 πολεμίων
1008 2452 1147 2535 εύπορίας
1171 2455 1213 2516 είς
1237 2451 1293 2531 τὴν

140 2553 278 2619 Ἐλλάδα
311 2557 494 2635 κομίζοντας.
548 2556 605 2637 ήδη
629 2559 661 2621 δέ
687 2559 980 2639 παρεσκευασμένων
1003 2555 1145 2621 ἁπάντων
1171 2552 1294 2620 καὶτοῦ

141 2664 271 2739 στρατοῦ
292 2661 373 2739 παρὰ
395 2666 460 2726 τοῖς
484 2658 590 2724 ναυσὶν
612 2664 698 2727 όντος
720 2664 792 2741 ὄναρ
815 2662 894 2726 εἶδεν
910 2663 926 2723 ό
942 2664 1054 2742 Κίμων.
1100 2660 1197 2725 ἐδόκει
1221 2659 1295 2723 κύνα

142 2764 327 2844 θυμουμένην
338 2767 478 2829 ὑλακτεῖν
489 2771 563 2848 πρδς
576 2767 674 2843 αύτόν,
688 2768 720 2830 ἐκ
733 2770 764 2831 δὲ
774 2770 826 2845 τῆς
842 2767 955 2843 ύλακῆς
967 2763 1151 2849 μεμιγμένου
1161 2765 1295 2846 ἀφεῖσαν

141 2868 302 2948 δυθριύπου
319 2868 458 2950 φθόγγον
474 2871 581 2933 εἰπεῖν.

184 2975 302 3054 Στεῖχε·
327 2973 419 3054 φίλος
434 2975 493 3055 γδρ
508 2973 565 3059 έση
583 2969 631 3037 καὶ
647 2971 714 3053 ἐμοὶ
730 2971 778 3038 καί
793 2976 875 3054 ἐμοῖς
891 2970 1108 3039 σκυλάκεσσιν.

141 3077 217 3139 οθτω
240 3081 272 3138 δὲ
295 3075 455 3156 δυσκρίτου
475 3079 528 3154 τῆς
552 3078 654 3159 ὄψεως
677 3077 769 3156 ούσης
790 3075 976 3160 Ἀστύφιλος
999 3077 1016 3140 ό
1040 3075 1294 3154 Ποσειδωνιάτης,

139 3185 280 3259 μαντικδς
296 3179 370 3259 ἀνὴρ
385 3178 434 3244 καῖ
450 3180 581 3261 συνήθης
602 3182 645 3268 τῷ
665 3182 787 3263 Κίμωνι,
803 3181 912 3264 φράζει
933 3181 1062 3247 θάνατον
1082 3180 1161 3266 αύτῷ
1181 3205 1294 3260 προση·

139 3283 256 3362 μαίνειν
278 3283 334 3362 τὴν
351 3286 436 3365 ὄψιν,
460 3287 536 3348 οὕτω
559 3290 690 3367 διαιρῶν·
730 3286 808 3349 κύων
830 3286 986 3371 άνθριύπιρ,
1008 3284 1082 3367 πρὸς
1106 3284 1142 3348 δν
1163 3285 1293 3358 ὑλακτεῖ,

142 3384 293 3466 πολέμιος·
317 3389 452 3473 πολεμίιρ
466 3388 490 3451 δ’
503 3389 555 3452 ούκ
571 3389 609 3454 άν
624 3414 669 3454 τις
684 3393 805 3468 μᾶλλον
820 3386 839 3468 ἢ
855 3387 1040 3468 τελευτήσας
1056 3389 1148 3467 φίλος
1163 3386 1293 3470 γένοιτο·

141 3495 175 3554 τδ
198 3493 230 3555 δέ
252 3495 349 3572 μῖγμα
371 3495 423 3570 τῆς
447 3494 549 3571 φωνῆς
572 3495 680 3571 Μήδαν
699 3494 850 3569 άποδηλοῖ
867 3492 920 3557 τὸν
939 3492 1057 3576 ἐχθρόν·
1075 3493 1091 3555 ὁ
1106 3490 1165 3575 γάρ
1180 3491 1294 3567 Μήδων

142 3593 270 3674 στρατὸς
281 3593 438 3672 Ἕλλησιν
453 3597 528 3674 δμοΰ
544 3593 592 3659 καί
607 3595 778 3679 βαρβάροις
791 3595 942 3685 μέμικται,Ι
974 3594 1051 3675 μετὰ
1066 3597 1099 3659 δέ
1114 3593 1225 3673 ταύτην
1239 3593 1295 3673 τὴν

141 3699 216 3778 ὄψιν
232 3696 323 3761 αύτοΰ
342 3695 385 3783 τῷ
402 3699 543 3784 Διονύσῳ
565 3700 713 3765 θύσαντος
733 3701 751 3763 θ
771 3702 828 3780 μὲν
844 3699 950 3780 μάντις
969 3698 1100 3780 άπέτεμε
1119 3697 1154 3762 τδ
1175 3699 1294 3779 ίερεῖον,

141 3805 193 3863 ταῶ
205 3801 230 3865 δ’
242 3802 366 3882 αίματος
378 3806 412 3864 τδ
428 3802 617 3884 πηγνύμενον
632 3801 689 3883 ήδη
703 3803 851 3885 μύρμηκες
868 3800 978 3867 πολλοὶ
994 3801 1203 3883 λαμβάνοντες
1218 3799 1295 3865 κατά

140 3906 247 3986 μικρὸν
267 3906 380 3987 ἐφερον
401 3911 475 3988 πρὸς
502 3907 555 3971 τδν
585 3908 711 3987 Κίμωνα
740 3904 789 3971 καὶ
819 3913 873 3972 τοῦ
905 3912 997 3973 ποδὸς
1024 3906 1093 3989 περὶ
1119 3904 1173 3970 τδν
1199 3904 1295 3987 μέγαν

141 4007 289 4073 δάκτυλον
314 4008 543 4090 περιέπλαττον,
570 3998 744 4075 ἐπίπαλδν
767 4010 879 4093 χρόνον
911 4009 1121 4076 λανθάνοντες.
1167 4008 1227 4089 άμα
1260 4008 1295 4074 δέ

141 4136 202 4177 πως
221 4113 239 4175 ά
255 4138 288 4176 τε
307 4111 410 4190 Κίμων
426 4111 469 4196 τηῖ
483 4111 631 4198 γινομένῳ
649 4113 807 4198 προσέσχε
823 4113 872 4178 καὶ
888 4118 986 4195 παρῆν
1007 4114 1024 4177 ό
1048 4113 1137 4186 θύτης
1163 4114 1294 4177 ἐπιδεικ-

142 4215 264 4296 νύμενος
294 4217 372 4300 αὐτῷ
400 4221 453 4281 τδυ
479 4217 580 4296 λοβδν
603 4218 655 4281 οὐκ
682 4217 793 4300 έχοντα
818 4216 966 4300 κεφαλήν.
1013 4215 1083 4280 ἀλλ’
1112 4215 1147 4280 ού
1173 4214 1231 4299 γάρ
1257 4213 1295 4294 ἦν

142 4319 284 4385 άνάδισις
314 4324 367 4399 τῆς
397 4322 557 4403 στρατείας
588 4319 765 4401 ἐξέπλευσε,
794 4319 842 4386 καὶ
872 4328 933 4386 τῶν
961 4325 1038 4385 νεῶν
1069 4317 1215 4399 ἐξήκοντα
1239 4322 1295 4400 μέν

142 4423 324 4487 άπέστειλεν
353 4425 396 4488 εἰς
426 4425 591 4506 Αἴγυπτον,
623 4429 688 4490 ταῖς
718 4422 744 4488 δ’
771 4424 881 4490 άλλαις
904 4423 1000 4488 πάλιν
1021 4420 1079 4468 **
1101 4423 1199 4488 έπλει.
1246 4421 1295 4486 καί

143 4525 415 4610 καταναυμαχήσας
431 4530 608 4593 Φοινισσῶν
629 4534 706 4594 νεῶν
729 4525 778 4593 καὶ
803 4533 966 4594 Κιλισσῶν
991 4532 1158 4609 βασιλικὸν
1180 4527 1296 4593 στόλον
