3000 5046
218 351 279 430 284
627 351 960 411 BIOGRAPHICAL.
1240 359 1305 426 [oh.
1318 360 1373 409 VI.

218 547 330 627 άφεὶλε
345 551 397 610 τοῦ
412 548 622 629 ψηφίσματος,
635 547 788 629 κρίνεσθαι
804 549 837 611 δέ
852 547 909 625 τῆν
923 546 1010 626 δίκην
1021 545 1157 628 ἔγραψεν
1169 546 1202 609 ἐν
1214 549 1375 612 δικασταῖς

219 651 333 735 χιλίοις
349 647 396 713 καὶ
412 650 634 729 πεντακοσίοις,
651 652 711 715 είτε
728 653 843 728 κλοπῆς
859 649 907 714 καὶ
918 650 1021 731 δόρων
1032 648 1084 713 εἶτ’
1097 648 1214 712 άδικίου
1224 647 1375 728 βούλοιτό

219 779 265 820 τις
291 753 449 833 ὀνομάζειν
475 754 529 832 τὴν
553 753 628 834 δίωξ
659 801 667 816 .
711 751 885 819 Ἀσπασίαν
910 758 967 835 μέν
991 753 1045 817 οὑν
1071 750 1248 834 ἐξῃτήσατο,
1265 750 1374 816 πολλὰ

220 858 300 922 πάνυ
314 856 395 939 παρὰ
412 859 468 937 τῆν
488 859 582 937 δίκην,
600 858 639 925 ὣς
655 859 806 942 Λίσχίνης
827 857 933 939 φησίν,
948 857 1038 939 άφεές
1058 857 1132 938 ὑπέρ
1150 856 1240 934 αὑτῆς
1260 853 1375 937 δάκρυα

218 958 268 1025 καὶ
284 963 400 1042 δεηθεὶς
415 968 475 1026 τῶν
490 966 648 1027 δικαστῶν·
679 961 887 1046 Ἀναξαγόραν
909 965 941 1025 δέ
964 961 1115 1043 φοβηθεὶς
1134 958 1291 1040 ἐξέπεμψε
1312 957 1375 1043 [καὶ

219 1065 426 1149 προὺκεμψεψν
443 1067 476 1129 ἐκ
491 1068 543 1144 τῆς
558 1067 687 1132 πόλεως.

262 1167 391 1232 Athen..
400 1166 474 1231 xiii.
493 1166 605 1251 58913.
650 1167 712 1233 See
728 1168 835 1234 above
851 1178 925 1233 lu.

263 1268 313 1335 Cf.
330 1268 399 1337 Cic.
415 1270 455 1336 de
469 1269 546 1336 Ιωο.
562 1270 585 1334 i.
602 1290 653 1357 31.
669 1286 722 1355 51.

528 1449 684 1517 Perildes’
708 1450 875 1517 Ροτοοιιαί
897 1449 1057 1516 Mamer.

263 1590 335 1645 152.
357 1579 444 1644 Plut.
453 1578 529 1645 Per.
540 1595 580 1663 5:
595 1585 712 1645 Τοῦτον
722 1577 1123 1667 (Ἀναξαγόραν)ὑπερφνῶς
1132 1577 1185 1643 τδν
1196 1578 1290 1659 άνδρα
1300 1582 1374 1643 θον·

218 1683 317 1764 μάσας
333 1686 349 1747 ὁ
366 1687 517 1765 Περικλῆς
538 1681 586 1748 καὶ
605 1688 658 1764 τῆς
677 1682 842 1767 λεγομένης
859 1685 1097 1766 μετεωρολογίας
1113 1682 1161 1747 καὶ
1174 1689 1373 1764 μεταρσιολε-

219 1790 310 1870 σχίας
320 1788 587 1869 ὑποπιμπλάμενος
599 1789 633 1853 οὑ
641 1790 745 1870 μόνον,
756 1788 795 1855 ὣς
810 1788 899 1866 έοικε,
910 1787 945 1851 τὸ
956 1788 1095 1868 φρόνημα
1109 1792 1246 1869 σοβαρδν
1257 1789 1306 1850 καὶ
1318 1791 1374 1851 τδν

218 1893 314 1974 λόγον
328 1892 451 1973 ὑψηλὸν
472 1893 537 1974 εἶχε
558 1890 606 1956 καὶ
628 1897 758 1974 καθαρὸν
776 1893 902 1973 ὀχλικῆς
918 1888 967 1955 καί
983 1890 1151 1974 πανούργου
1165 1891 1373 1971 βωμολοχίας,

218 1995 301 2058 άλλὰ
332 1995 380 2060 καὶ
409 1998 574 2077 προσώπου
601 1995 752 2063 σὺστασις
776 1997 925 2076 ἄθρυπτος
951 1997 993 2062 είς
1020 1994 1138 2077 γέλωτα
1165 1991 1213 2058 καὶ
1240 1994 1374 2075 πραότης

218 2084 348 2180 πορείαςΙ
361 2097 410 2163 καὶ
433 2101 605 2180 καταστολὴ
629 2102 796 2181 περιβολῆς
818 2105 892 2181 πρὸς
910 2099 998 2163 οὑδέν
1019 2096 1253 2180 ἐκταραττομένη
1275 2096 1373 2164 πάθος

218 2206 252 2268 ἐν
266 2206 308 2289 τῷ
324 2205 428 2286 λέγειν
446 2208 495 2268 καί
516 2203 644 2285 πλάσμα
662 2207 766 2285 φωνῆς
788 2204 950 2285 ἀθόρυβον,
969 2204 1019 2266 καὶ
1037 2203 1096 2265 ὅσα
1115 2205 1239 2265 τοιαῦτα
1256 2199 1374 2268 πάντας

217 2311 396 2387 θαυμαστῶς
412 2305 587 2386 ἐξέπληττε.
632 2306 861 2388 λοιδορούμενος
882 2311 957 2389 γοῦν
974 2330 1046 2369 ποτε
1067 2306 1116 2369 καὶ
1135 2308 1233 2371 κακῶς
1254 2304 1375 2367 άκοθων

218 2410 280 2473 ὑπό
292 2435 373 2476 τινος
388 2415 447 2474 τῶν
461 2414 619 2490 βδελυρῶν
635 2406 682 2473 καὶ
697 2411 878 2475 άκολόστων
893 2410 969 2488 όλην
984 2408 1098 2492 ἡμέραν
1111 2406 1253 2488 ὑπέμεινε
1269 2407 1372 2493 σιωπῇ

218 2512 282 2576 κατ’
308 2511 430 2597 άγοράν,
453 2512 514 2592 άμα
534 2536 563 2575 τι
586 2519 647 2577 τῶν
670 2515 853 2594 ἐπειγόντων
876 2514 1163 2592 καταπραττόμενος·
1194 2509 1326 2590 ἐσπέρας
1345 2508 1373 2574 δ’

219 2613 308 2703 ἀπῄει
332 2617 464 2696 κοσμίως
491 2620 592 2680 οἴκαδε
619 2621 919 2698 παρακολουθοῦντος
946 2621 999 2679 τοῦ
1025 2615 1183 2695 άνθράπου
1210 2615 1259 2677 καὶ
1285 2612 1372 2700 πάσῃ

217 2719 374 2801 χρωμένου
388 2721 576 2805 βλασφημίᾳ
598 2725 673 2800 πρὸς
695 2720 795 2784 αὑτόν.
841 2719 880 2785 ὣς
895 2720 929 2783 δέ
948 2719 1078 2797 ἔμελλεν
1096 2716 1224 2782 είσιέναι
1243 2717 1373 2783 σκότους

219 2823 305 2888 ὄντος
323 2820 389 2901 ἤδη,
402 2821 573 2902 προσέταξέ
587 2848 646 2887 τινι
661 2829 722 2888 τῶν
736 2825 859 2886 οἰκετῶν
876 2829 941 2903 φῶς
956 2822 1088 2902 λαβόντι
1104 2820 1305 2902 παραπέμψαι
1321 2818 1372 2882 καὶ

219 2928 408 3002 καταστῆσαι
434 2927 508 3006 πρὸς
538 2927 593 3005 τῆν
620 2927 719 2991 οίκίαν
744 2926 797 2991 τὸν
822 2924 991 3006 ἄνθρωπον.
1045 2926 1062 2988 ά
1088 2925 1122 2989 δέ
1150 2924 1276 3003 ποιητὴς
1299 2921 1372 2986 Ἴων

217 3027 388 3108 μοθωνικήν
408 3037 485 3110 φησι
504 3031 560 3110 τῆν
577 3031 700 3111 ὁμιλίαν
715 3031 764 3094 καὶ
780 3030 935 3110 ὑπότυφον
950 3029 1026 3094 εἶναι
1042 3034 1094 3092 τοῦ
1110 3026 1304 3109 Περικλέους,
1321 3027 1372 3092 καὶ

218 3137 283 3199 ταῖς
300 3133 520 3215 μεγαλαυχίαις
542 3134 632 3198 αὑτοῦ
655 3134 776 3212 πολλὴν
798 3135 971 3215 ὑπεροψίαν
994 3133 1194 3213 ἀναμεμῖχθαι
1218 3126 1266 3193 καὶ
1285 3154 1370 3211 περι-

219 3235 370 3316 φρόνησιν
390 3242 450 3300 τῶν
470 3235 584 3301 ἄλλων·
616 3238 734 3302 ἐπαινεῖ
748 3238 782 3300 δέ
796 3243 830 3300 τὸ
847 3237 983 3316 Κίμωνος
999 3236 1126 3315 ἐμμελές
1147 3234 1196 3298 καὶ
1213 3233 1305 3315 ὑγρὸν
1321 3231 1371 3296 καὶ

218 3343 451 3420 μεμουσωμένον
472 3342 587 3407 ἐντοῖς
608 3345 795 3421 περιφοραῖς.
833 3339 903 3404 ἀλλ’
922 3339 1014 3404 Ἰωνα
1028 3338 1094 3418 μέν,
1110 3339 1213 3417 ὥσπερ
1228 3335 1372 3418 τραγικὴν

219 3444 427 3522 διδασκαλίαν,
454 3442 594 3523 ἀξιοῦντα
620 3443 675 3524 τὴν
699 3444 809 3525 άρετῆν
835 3445 918 3526 ἔχειν
941 3468 971 3506 τι
996 3440 1115 3508 πάντως
1137 3443 1187 3505 καὶ
1210 3439 1371 3520 σατυρικὸν

217 3547 307 3627 μέρος
322 3549 428 3626 ἐῶμεν·
460 3547 528 3613 τοὺς
543 3548 577 3611 δέ
591 3552 644 3610 τοῦ
660 3547 843 3627 Περικλέους
866 3545 920 3624 τὴν
943 3545 1110 3627 σεμνότητα
1134 3541 1315 3622 δοξοκοπίαν
1336 3566 1371 3607 τε

220 3646 269 3713 καὶ
291 3654 388 3732 τὺφον
409 3651 637 3718 ἀποκαλοῦντας
656 3651 673 3713 ὁ
694 3647 801 3729 Ζήνων
820 3647 984 3731 παρεκάλει
1004 3646 1053 3712 καὶ
1075 3647 1181 3714 αὑτοὺς
1201 3672 1230 3710 τι
1251 3650 1370 3710 τοιοῦτο

218 3750 405 3831 δοξοκοπεῖν,
417 3753 457 3820 ὡς
472 3757 524 3831 τῆς
538 3751 771 3836 προσποιήσεως
786 3753 875 3833 αὑτῆς
891 3758 952 3818 τῶν
966 3756 1069 3816 καλῶν
1083 3749 1289 3828 ὑποποιούσης
1302 3752 1371 3814 τινὰ

219 3857 392 3934 λεληθότως
410 3857 503 3934 ζῆλον
520 3858 569 3920 καὶ
584 3855 756 3936 συνήθειαν.

262 3985 335 4040 158.
359 3974 414 4040 Id.
431 3975 548 4041 Praec.
566 3975 638 4042 Ger.
654 3974 753 4061 Reip.
771 3997 794 4056 4
811 3975 900 4064 (Είίι.
920 3980 983 4040 800
1000 3973 1059 4062 C):
1091 3976 1243 4056 Περικλῆς
1264 3975 1297 4038 δέ
1320 3972 1370 4039 καί

220 4076 288 4160 περί
307 4079 343 4143 τὸ
361 4085 450 4159 σῶμα
470 4076 518 4143 καὶ
535 4079 592 4160 τῆν
611 4080 728 4145 δίωτον
748 4080 917 4160 ἐξήλλαξεν
937 4082 1027 4144 αὑτὸν
1045 4078 1140 4160 ἠρέμα
1161 4078 1298 4159 βαδίζειν
1320 4075 1371 4142 καί

220 4181 320 4263 πράως
340 4180 537 4266 διαλέγεσθαι
558 4184 607 4247 καὶ
628 4189 664 4248 τὸ
680 4184 845 4266 πρόσωπον
868 4182 914 4249 ἀεί
938 4183 1119 4259 συνεστηκὸς
1136 4182 1370 4257 ἐπιδείκνυσθαι,

221 4282 269 4348 καὶ
284 4285 339 4364 τὴν
353 4289 441 4369 χεῖρα
454 4286 596 4370 συνέχειν
611 4289 694 4355 ἐντὸς
705 4288 756 4364 τῆς
769 4290 937 4369 περιβολῆς
953 4288 1003 4351 καὶ
1016 4288 1087 4366 μίαν
1103 4285 1173 4350 άδὸν
1188 4283 1370 4367 πορεύεσθαι

219 4387 275 4469 τῆν
289 4391 339 4452 ἐπὶ
353 4389 388 4453 τὸ
402 4390 489 4470 βῆμα
504 4392 552 4455 καί
567 4394 602 4453 τὸ
615 4389 841 4472 βουλευτήριον.

262 4486 319 4559 Id.
336 4489 415 4559 Por.
432 4509 461 4576 7.
506 4490 569 4560 See
583 4492 690 4560 above
705 4501 747 4559 v.
764 4503 819 4560 ον.
