3000 5046
180 361 290 428 14-21.]
448 353 540 412 HER
565 352 722 412 ALLIES
745 351 839 410 ΛΝΒ
864 350 1082 412 COLONIES.
1293 350 1334 428 87

182 553 394 631 πολιορκοῦντι
408 548 501 630 άνδρα
517 550 626 627 Μῆδον
641 544 690 612 καὶ
705 547 775 610 ὅσοι
788 551 917 627 Περσῶν
932 544 1043 612 Ἠιόνα
1058 547 1113 626 τὴν
1124 544 1173 611 ἐπὶ
1185 548 1332 629 Στρυμόνι

182 650 278 733 εἶχον.

224 815 275 870 19.
301 803 398 871 Corn.
414 805 499 893 Nep.
516 803 603 871 Ουὀι.
619 803 653 868 ii.
671 824 709 873 2:
738 805 886 869 Primum
902 805 1084 891 imperator
1103 804 1192 892 apud
1207 805 1330 871 flumen

181 907 363 995 Strymona
377 931 516 995 magma
530 909 641 995 copias
657 907 840 975 Thraecum
854 908 994 996 fugavit.

224 1011 333 1079 Schol.
350 1012 386 1078 in
401 1012 518 1081 Aesoh.
534 1012 575 1079 de
583 1011 666 1099 sals.
681 1012 740 1099 ίορ.
756 1032 800 1099 34
814 1009 894 1101 (31).
940 1012 1002 1078 See
1018 1011 1127 1080 below
1143 1023 1219 1081 278.

223 1179 279 1235 20.
303 1169 419 1235 Aesch.
435 1188 455 1255 3
470 1168 513 1234 ιἰι
527 1168 607 1234 θίαν.
626 1168 709 1255 183:
727 1166 834 1235 Ἠσάν
849 1193 929 1236 τινες
944 1169 1020 1233 κατὰ
1034 1168 1104 1236 τοὺς
1116 1170 1185 1234 τότε
1201 1168 1331 1252 καιροός,

180 1273 209 1336 02
223 1273 323 1338 πολὺν
337 1274 433 1338 πόνον
446 1273 663 1354 ὑπομείναντες
676 1269 724 1338 καὶ
734 1273 886 1357 μεγάλους
898 1272 1049 1341 κινδύνους
1065 1269 1114 1338 ἐπὶ
1125 1273 1167 1359 τῷ
1180 1272 1329 1355 Στρυμόνι

179 1378 304 1462 ποταμῷ
320 1377 428 1442 ἐνίκων
440 1376 608 1458 μαχόμενοι
624 1377 756 1457 Μήδους·
772 1376 854 1440 οὗτοι
866 1381 954 1459 δεῦρο
970 1375 1150 1458 άφικόμενοι
1164 1376 1218 1441 τὸν
1232 1378 1329 1456 δῆμον

177 1478 295 1565 ᾔτησαν
317 1479 440 1563 δωρεάν,
463 1476 512 1545 καὶ
535 1481 646 1545 ἔδωκεν
668 1481 770 1547 αὐτοῖς
791 1481 809 1543 δ
831 1481 923 1562 δῆμος
942 1479 1029 1560 τιμάς
1048 1477 1193 1561 μεγάλας,
1209 1478 1248 1546 ὦς
1266 1479 1328 1542 τότ’

179 1583 284 1659 ἐδόκει,
298 1589 378 1665 τρεῖς
393 1584 529 1651 λιθίνους
541 1580 655 1667 Ἑρμᾶς
670 1587 782 1664 σιήσαι
797 1585 831 1648 ἐν
846 1583 883 1670 τῇ
898 1579 976 1667 στοᾷ
995 1582 1031 1672 τῇ
1053 1587 1113 1649 τῶν
1133 1580 1262 1665 Ἑρμῶν,
1278 1581 1329 1665 ἐφ’

179 1684 236 1772 ᾧτε
250 1686 291 1767 μή
307 1687 489 1771 ἐπιγράφειν
509 1691 547 1752 τὰ
569 1688 702 1768 ὀνόματα
724 1690 763 1751 τά
785 1690 907 1765 ἐαυτῶν,
930 1688 980 1751 ίνα
1001 1687 1042 1768 μή
1063 1692 1123 1751 τῶν
1139 1693 1327 1769 στρατηγῶν,

177 1790 261 1854 ἀλλὰ
275 1795 328 1854 τοῦ
344 1790 439 1870 δήμου
453 1793 526 1880 δοκῇ
542 1791 668 1856 εἶναιτὸ
683 1792 865 1875 ἐπίγραμμα.
909 1785 1001 1877 (184)
1017 1792 1064 1853 ὅτι
1078 1789 1104 1856 δ’
1120 1791 1219 1872 άληθή
1235 1792 1326 1875 λέγω,

177 1894 214 1974 ἐξ
234 1897 332 1961 αὐτῶν
351 1901 412 1959 τῶν
434 1894 613 1976 ποιημάτων
637 1897 769 1962 εἴσεσθε.
816 1892 1033 1979 ἐπιγέγραπται
1056 1897 1115 1976 γὰρ
1137 1891 1186 1958 ἐπὶ
1208 1892 1251 1981 tq?
1271 1900 1327 1974 μὲν

177 1999 283 2084 πρῶτιρ
299 2002 359 2063 τῶν
373 1997 493 2080 Ἑρμῶν

345 2117 409 2183 Ἦν
431 2120 489 2200 άρα
511 2119 643 2204 κᾴκεῖνοι
665 2118 869 2202 ταλακάρδιοι,
894 2120 925 2183 ot
941 2143 1016 2183 ποτε
1039 2117 1153 2199 Μήδων

392 2220 498 2287 παισὶν
520 2223 567 2288 ἐπ’
590 2222 702 2301 Ἠιόνι,
725 2222 895 2304 Στρυμόνος
918 2219 995 2304 άμφὶ
1017 2219 1099 2305 ῥοάς,

349 2327 439 2406 λιμόν
461 2325 488 2391 τ’
510 2329 624 2393 αἴθωνα
648 2326 790 2410 κρατερόν
812 2326 837 2390 τ’
861 2324 1025 2408 ἐπάγοντες
1039 2323 1137 2409 Ἀρηα

391 2435 505 2512 πρῶτοι
523 2430 695 2512 δυσμενέων
717 2431 805 2515 εὗρον
827 2430 1006 2513 ἀμηχανίην.

174 2530 224 2596 ἐπὶ
246 2538 279 2600 δέ
302 2535 344 2620 τῷ
367 2532 492 2620 δευτέριρ

347 2637 532 2719 ἡγεμόνεσσι
555 2644 588 2706 δὲ
610 2643 722 2719 μισθὸν
743 2637 900 2717 Ἀθηναῖοι
922 2635 985 2700 τάδ’
1008 2637 1124 2702 ἐδωκαν

390 2739 453 2807 ἀντ’
475 2743 647 2825 εὐεργεσίης
669 2740 718 2807 καί
739 2740 876 2824 μεγάλης
898 2740 1013 2822 δρετής.

346 2847 465 2925 μῶλλόν
486 2872 532 2914 τις
553 2848 616 2913 τάδ’
639 2848 711 2914 ἐδῶν
733 2844 782 2912 καί
805 2846 1020 2925 ἐπεσσομένων
1041 2842 1183 2924 ἐθελήσει

389 2948 468 3034 ἀμφὶ
491 2949 610 3031 ξυνοῖσι
632 2950 790 3033 πράγμασι
810 2949 928 3034 μόχθον
945 2950 1040 3030 ἐχειν.

172 3069 262 3160 (185)
286 3067 336 3136 ἐπέ
354 3073 387 3136 δέ
409 3073 451 3157 τῷ
469 3073 558 3156 τρίτῳ
581 3070 802 3155 ἐπιγέγραπται
822 3068 917 3158 Ἑρμῇ

345 3175 379 3240 ἐκ
400 3201 476 3241 ποτε
495 3179 588 3255 τῆσδε
610 3176 726 3255 πόληος
748 3175 797 3256 άμ’
820 3173 992 3261 Ἀτρείδῃσι
1015 3173 1191 3240 Μενεσθεὺς

388 3278 493 3362 ἡγεῖτο
517 3279 624 3359 ζάθεον
644 3284 782 3361 Τρωικὸν
805 3279 846 3361 άμ
868 3279 984 3356 πεδίον,

345 3384 380 3447 όν
402 3381 471 3448 ποθ’
490 3381 625 3464 Ὅμηρος
647 3384 707 3465 ἐφη
732 3390 862 3448 Δαναῶν
884 3383 965 3446 πόκα
986 3380 1223 3465 χαλκοχιτάνων

387 3489 559 3569 κοσμητῆρα
576 3487 675 3572 μάχης
699 3486 810 3569 ἔξοχον
831 3485 924 3567 άνδρα
946 3490 1063 3566 μολεῖν.

346 3592 439 3658 οὕτως
463 3591 551 3657 οὐδὲν
573 3593 671 3658 άεικές
692 3590 885 3671 Ἀθηναίοισι
907 3591 1068 3675 καλεῖσθαι

387 3698 538 3773 κοσμητὰς
559 3694 694 3774 πολέμου
717 3692 743 3758 τ’
765 3691 843 3776 ἀμφὶ
866 3691 916 3758 καί
938 3691 1072 3774 ἠνορέης.

170 3802 236 3864 ἔστι
271 3823 330 3864 που
366 3804 400 3863 τδ
433 3804 494 3864 τῶν
528 3806 705 3882 στρατηγῶν
740 3799 862 3878 όνομαι
903 3797 1040 3879 οὐδαμοῦ,
1076 3792 1161 3858 άλλὰ
1194 3798 1230 3856 τδ
1266 3797 1320 3856 τοῦ

169 3903 269 3982 δήμου.

213 4082 261 4137 21.
283 4070 415 4136 Tzetzes
429 4092 485 4157 ορ.
500 4069 661 4159 Ιηοορίιν.
676 4071 764 4136 θοις.
784 4092 815 4135 v.
831 4084 915 4152 417:
946 4066 1052 4132 Ἠτάν.
1082 4067 1173 4133 πόλις
1194 4063 1319 4151 Θρᾴκης

169 4174 217 4242 ἐπέ
244 4176 392 4258 Στρυμόνι
409 4223 416 4238 .
434 4223 442 4238 .
457 4222 466 4238 .
481 4174 551 4259 περὶ
575 4180 609 4242 δὲ
637 4176 692 4256 τὴν
715 4175 825 4240 Ἠιόνα
850 4173 959 4251 ταύτην
986 4170 1034 4237 καὶ
1064 4171 1220 4251 Ἀθηναῖοι
1250 4168 1319 4236 τοὺς

171 4280 292 4357 Μήδους
315 4280 468 4358 ἐνίκησαν,
484 4274 533 4343 καὶ
555 4282 689 4357 ἔστησαν
708 4282 773 4345 τοῖς
795 4275 959 4356 νικήσασιν
984 4277 1013 4339 οἱ
1035 4272 1140 4338 λοιποὶ
1162 4273 1319 4352 Ἀθηναῖοι

167 4378 278 4463 Ἑρμᾶς
293 4386 372 4461 τρεῖς
386 4383 530 4456 λιθίνους,
547 4379 771 4465 ἐπιγράψαντες
786 4382 821 4447 ἐν
836 4378 955 4465 ἐκάστιρ
973 4385 1034 4444 τῶν
1055 4375 1183 4461 Ἑρμῶν,
1199 4373 1248 4441 ἐπὶ
1262 4377 1319 4456 μέν

169 4486 211 4571 τῷ
225 4485 341 4572 πρῶτιρ,
359 4486 461 4553 οίπως·
485 4494 571 4550 κ.τ.λ.
