3000 5046
150 372 301 439 240-264]
404 364 497 425 HER
521 362 678 422 ALLIES
702 363 796 422 AND
822 360 1040 421 COLONIES.
1244 377 1303 440 143

196 571 273 624 249.
298 557 407 624 Schol.
424 559 460 622 in
475 557 675 622 Aristidakr.
686 584 712 621 τ.
723 584 750 622 τ.
766 573 826 641 135
837 556 869 621 J.
885 555 945 643 (iii.
956 580 987 643 p.
997 556 1061 639 485
1077 556 1207 647 Dind.):
1230 557 1303 624 Ἐπὶ

152 667 208 742 μέν
231 665 322 749 Σάμῳ
347 663 471 729 δέκατος
491 662 796 745 αύτδςστροτηγῶνι
821 667 880 725 τῶν
900 663 970 725 δέκα
991 668 1169 746 στρατηγῶν
1190 671 1251 728 τῶν
1271 665 1304 728 έν

153 768 244 852 Σάμῳ
262 767 300 831 τὰ
315 767 448 846 ὀνόματα
464 766 539 830 κατὰ
556 763 755 848 Ἀνδροτίωνα
770 762 836 852 (fr.
852 785 925 844 449
941 764 976 830 F.
992 765 1036 829 Η.
1052 765 1089 832 θ.
1105 765 1151 831 iv.
1166 788 1199 851 p.
1216 765 1303 853 645)·

153 871 313 954 Σωκράτης
328 869 557 954 Ἀναγυράσιος,
567 872 728 951 Σοφοκλῆς
747 872 779 933 ἑκ
795 873 939 933 Κολωνοῦ
952 871 968 932 ὁ
983 868 1118 952 ποιητής,
1133 867 1305 951 Ἀνδοκίδης

155 977 385 1055 Κυδαθηναιεύς,
409 974 512 1058 Κρέων
535 973 759 1054 Σκαμβωνίδης,
783 975 935 1055 Περικλῆς
959 974 1144 1056 Χολαργεύς,
1162 973 1306 1039 Γλαύκων

155 1079 187 1142 έκ
204 1076 372 1160 Κεραμέων,
389 1079 622 1159 Καλλίστρατος
637 1075 813 1161 Ἀχαρνεύς,
829 1078 979 1159 Ξενοφῶν
995 1077 1153 1144 Μελιτεύς.
1199 1077 1304 1142 Wila·

155 1181 297 1259 mowitz,
321 1181 370 1247 De
392 1180 494 1246 Είιεοό
516 1179 649 1246 scholiis
673 1177 887 1268 [Greifswald
913 1176 1067 1270 1877-8]‚
1095 1201 1133 1265 13
1160 1180 1306 1269 supplies

154 1283 212 1349 the
234 1290 302 1351 two
324 1285 464 1370 missing
485 1305 598 1349 names
617 1283 702 1350 from
725 1283 801 1349 eod.
817 1281 923 1348 Ματο.
939 1302 1013 1369 423,
1028 1283 1111 1349 viz:
1136 1285 1307 1366 Γλαυκέτης

154 1386 316 1469 Ἀζηνιεύς,
333 1393 515 1467 Κλειτοφῶν
531 1388 688 1470 Θοραιεύς.

416 1590 480 1658 The
504 1589 696 1657 Treatment
717 1589 758 1677 os
774 1587 826 1657 the
847 1588 1037 1658 Ρτόοοιιυτο.

200 1743 278 1797 250.
301 1729 460 1796 Photius:
489 1731 611 1810 Σαμίων
647 1731 664 1793 ὁ
702 1731 794 1811 δῆμός
830 1729 943 1818 (ἔστιν)
974 1731 1014 1798 ῶς
1044 1730 1307 1814 πολυγράμματος·

155 1834 380 1919 Ἀριστοφάνης
404 1832 468 1920 (sr.
494 1837 546 1912 64,
571 1833 613 1900 K.
640 1833 662 1897 i.
685 1832 764 1923 408)
788 1835 997 1916 Βαβυλωνίοις
1018 1837 1218 1902 ἐπισκώπτων
1240 1836 1309 1902 τοὺς

157 1939 353 2023 ἐστιγμένους
381 1987 388 2002 .
417 1987 424 2002 .
451 1987 458 2002 .
486 1941 515 2002 οί
549 1940 582 2002 δὲ
612 1939 658 2002 ότι
687 1937 845 2019 Ἀθηναῖοι
877 1940 934 2016 μὲν
966 1939 1035 2005 τοὺς
1064 1939 1238 2022 ληφθέντας
1276 1942 1310 2004 έν

157 2043 280 2128 πολέμῳ
309 2044 440 2124 Σαμίους
469 2043 588 2121 ἔστιζον
614 2044 731 2124 γλαυκί,
757 2040 866 2123 Σάμιοι
890 2041 936 2130 (δὲ
965 2042 1034 2109 τοὺς
1059 2043 1307 2131 Ἀθηυαίους)τῆ

158 2148 299 2233 σαμαίνη,
319 2148 337 2210 ό
358 2148 426 2210 ἔστι
452 2150 562 2210 πλοῖον
583 2147 728 2227 δίκροτον,
751 2146 809 2209 ὑπὸ
832 2146 1045 2228 Πολυκράτους
1068 2152 1187 2228 πρῶτον
1214 2173 1309 2228 παρα-

158 2255 328 2316 σκευασθὲν
342 2255 393 2314 τοῦ
409 2251 531 2329 Σαμίων
551 2247 704 2329 τυράννου,
720 2248 760 2315 ῶς
775 2253 951 2333 Λυσίμαχος
968 2253 1000 2315 έν
1014 2247 1048 2332 β’
1064 2252 1204 2326 Νόστων·
1227 2250 1262 2316 τὸ
1277 2253 1311 2315 δὲ

159 2352 287 2431 πλάσμα
303 2352 448 2434 Δούριδος
463 2350 528 2438 (fr.
543 2367 585 2435 59
598 2346 635 2415 F.
651 2350 695 2416 H.
714 2351 750 2418 θ.
766 2351 801 2417 ii.
819 2372 850 2437 p.
868 2350 954 2439 483).

203 2484 273 2538 251.
295 2473 369 2538 Id.:
398 2476 435 2536 τὰ
462 2474 585 2554 Σαμίων
610 2471 788 2539 ὑποπτεύεις
812 2516 821 2535 ·
849 2522 857 2538 .
891 2519 899 2535 .
930 2477 1086 2556 παρῆλθεν
1107 2478 1140 2540 δὲ
1168 2473 1228 2538 ἆπδ
1251 2480 1311 2538 τῶν

159 2579 330 2659 γενομένων
343 2577 393 2642 ὑπ’
407 2575 576 2656 Ἀθηναίων
595 2580 638 2645 εἰς
662 2578 792 2655 Σαμίους
815 2579 973 2655 αἰκισμῶν·
996 2578 1120 2644 ἑλόντες
1135 2575 1192 2661 γὰρ
1207 2577 1312 2644 αὐτοὺς

157 2682 190 2745 οί
217 2680 371 2759 Ἀθηναῖοι
394 2681 463 2748 τοὺς
488 2686 543 2761 μέν
567 2679 754 2755 ἀπέκτειναν,
781 2681 849 2748 τοὺς
873 2683 906 2745 δέ
932 2680 1056 2761 ἔστιξαν
1079 2682 1115 2768 τῇ
1142 2680 1311 2768 καλουμένῃ

161 2788 302 2872 σομαίνῃ,
318 2785 338 2865 ῆ
353 2788 439 2850 ἐστιν
462 2785 540 2851 εἶδος
559 2787 669 2849 πλοίου
684 2789 848 2865 Σαμιακοῦ,
864 2782 929 2850 ἄνθ’
945 2787 987 2849 ῶν
1002 2786 1052 2850 καὶ
1070 2787 1099 2849 οἱ
1115 2783 1224 2867 Σάμιοι
1244 2784 1312 2853 τοὺς

160 2890 291 2956 ἁλόντας
306 2893 381 2970 μετὰ
396 2893 487 2951 ταῦτα
501 2886 677 2968 Ἀθηναίους
693 2887 826 2970 ἔστιξαν.

205 3021 281 3074 252.
304 3008 376 3075 Ael.
398 3006 434 3072 V.
451 3009 495 3074 H.
511 3006 545 3072 ii.
563 3028 601 3093 9:
624 3011 704 3077 Τούς
723 3035 760 3092 γε
781 3010 841 3091 μὴν
864 3007 1081 3087 ἁλισκομένους
1103 3011 1312 3094 αἰχμαλώτους

161 3115 282 3191 Σαμίων
307 3114 418 3190 στίζειν
443 3117 516 3177 κατὰ
536 3117 587 3177 τοῦ
609 3114 773 3194 προσόπου
788 3114 837 3177 καὶ
854 3113 929 3179 εἶναι
944 3118 979 3176 τὸ
995 3115 1107 3195 στίγμα
1122 3118 1248 3197 γλαῦκα,
1263 3111 1313 3177 καὶ

160 3221 248 3279 τοῦτο
263 3215 402 3280 Ἀττικὸν
417 3216 575 3298 ψήφισμα.

303 3401 368 3467 The
390 3400 549 3468 ιιυηιδστι
572 3401 609 3486 os
627 3401 679 3468 the
700 3401 877 3468 Athenian
900 3401 1066 3487 όοςόορίτιρ
1081 3399 1168 3486 βοαί.

207 3551 281 3605 253.
306 3539 440 3605 Isocrat.
460 3558 497 3625 15
514 3540 554 3604 de
568 3539 721 3608 Ρονιηιιί.
745 3560 823 3605 111:
849 3540 936 3605 Μετὰ
951 3543 983 3605 δὲ
997 3540 1106 3607 ταύτας
1121 3539 1174 3606 τὰς
1190 3537 1313 3620 πράξεις

163 3642 213 3708 έπὶ
236 3643 337 3726 Σάμου
364 3644 559 3727 στρατεύσας,
575 3643 614 3722 ἣν
636 3648 812 3725 Περικλῆς.
830 3691 837 3708 .
855 3645 939 3708 .όπδ
962 3642 1125 3709 διακοσίων
1147 3641 1241 3728 [νεῶν]
1265 3639 1314 3706 καὶ

161 3742 272 3831 χιλίων
284 3747 441 3814 ταλάντων
453 3748 692 3827 κατεπολέμησε,
701 3749 811 3825 ταύτην
823 3756 909 3812 κ.τ.λ.
943 3746 1012 3811 But
1024 3767 1077 3811 see
1087 3744 1194 3811 below
1204 3756 1270 3809 258
1279 3744 1312 3811 ff.

462 3936 527 4002 The
548 3934 743 4001 Αίάαιιίαιιο
765 3934 869 4020 bffore
890 3935 1019 4002 βαίνων.

208 4084 285 4138 ιιι.
307 4073 427 4138 Athen.
445 4074 517 4141 vm.
536 4072 659 4158 3280:
685 4069 1313 4161 Tp2xtawazffiuom(fr.154‚K.1.

162 4198 195 4263 p.
214 4176 289 4264 299)
312 4180 344 4244 έν
368 4176 511 4257 Κόλαξιν·

250 4282 383 4348 Ἐκεῖνος
405 4281 441 4360 ῆν
463 4282 624 4363 φειδωλός,
646 4279 679 4348 δς
702 4279 751 4345 ἐπὶ
774 4285 826 4344 τοῦ
847 4281 918 4360 βίου

250 4391 308 4468 πρὸ
331 4390 383 4448 τοῦ
406 4383 539 4465 πολέμου
560 4388 617 4463 μὲν
638 4385 771 4468 τριχίδας
795 4383 940 4466 ῶφόνησ’
963 4381 1054 4464 ἅπαξ,

252 4490 303 4553 ὅτε
325 4490 381 4552 τάν
405 4486 495 4572 Σάμῳ
517 4487 543 4552 δ’
567 4487 613 4569 ῆν,
635 4486 822 4569 ἡμιωβελίου
843 4485 921 4571 κρέα.
