3000 5046
124 375 237 441 6043]
382 368 475 427 HER
501 369 656 429 ALLIES
680 370 774 428 AND
800 371 1017 430 COLONIES.
1236 390 1277 448 99

171 574 226 629 00.
251 561 350 629 Com
360 562 446 647 Nep.
457 563 543 629 cim.
556 564 592 627 ii.
607 583 625 629 2
635 589 642 627 :
666 563 837 651 Oppidum
848 566 1076 652 Amphipolim
1091 567 1274 644 constituit,

126 687 230 753 eoque
247 665 358 733 decem
372 665 478 732 millia
493 666 748 733 Atheniensium
763 668 800 732 in
815 668 979 735 coloniam
994 669 1095 735 misit.
1159 690 1161 694 ·

170 807 225 862 09.
248 794 345 861 Paus.
358 794 379 860 ἰ.
391 815 442 879 29.
456 816 496 876 4:
515 794 608 860 Ἔστι
619 799 651 861 δέ
667 793 715 860 καὶ
730 800 807 862 πῖισι
819 796 956 878 μνήματα
967 799 1138 877 Ἀθηναίοις
1150 801 1276 866 ὁπόσοις

127 899 291 965 ἀποθανεῖν
311 899 479 964 συνέπεσεν
499 899 532 963 έν
554 924 586 963 τε
609 900 790 983 ναυμαχίαις
808 898 856 964 καὶ
876 902 910 966 έν
929 900 1041 984 μάχαις
1057 901 1167 979 πεζαῖς,
1192 901 1273 980 πλὴν

125 1003 193 1066 ὅσοι
215 1006 382 1085 Μαραθῶνι
402 1002 500 1067 αὐτῶν
519 1002 718 1085 ἠγωνίσαντο·
741 1003 858 1071 τούτοις
874 1003 931 1086 γὰρ
947 1007 1021 1068 κατὰ
1036 1005 1137 1087 χάραν
1152 1003 1230 1068 εἰσὶν
1246 1007 1275 1068 οί

125 1106 219 1188 τάφοι
242 1103 280 1170 δι’
303 1107 513 1188 ἀνδραγαθίαν·
540 1107 570 1170 οῖ
592 1108 624 1170 δὲ
646 1105 739 1171 ἀλλοι
763 1110 837 1171 κατὰ
859 1108 915 1186 τὴν
937 1107 1008 1172 θδδν
1031 1112 1144 1173 κεῖνται
1165 1109 1221 1187 την
1245 1110 1275 1175 ές

124 1208 318 1288 Ἀκαδημίαν,
335 1205 384 1273 καῖ
405 1214 494 1289 σφῶν
515 1212 641 1273 ἑστᾶσιν
664 1211 713 1273 έπῖ
736 1215 799 1276 τοῖς
820 1210 930 1292 τάφοις
953 1215 1063 1290 στῆλαι
1085 1208 1122 1274 τά
1145 1211 1274 1290 ὀνόματα

126 1309 241 1377 καὶτὸν
257 1317 351 1394 δῆμον
367 1310 495 1377 ἑκάστου
510 1312 665 1391 λέγουσαι.
704 1319 815 1395 πρῶτοι
831 1316 863 1377 δὲ
879 1313 1038 1395 ἐτάφησαν
1056 1313 1107 1382 οὐς
1122 1317 1155 1378 έν
1171 1312 1275 1400 Θρᾴκῃ

125 1420 200 1481 ποτὶ
216 1418 448 1498 έπικρατοῦντας
463 1415 552 1498 μέχρι
566 1415 753 1498 Δραβήσκου
768 1418 821 1494 τῆς
835 1417 934 1498 χώρας
949 1415 1080 1481 Ἠδωνοὶ
1089 1419 1276 1500 φονεύουσιν

126 1520 306 1584 ἀνέλπιστοι
332 1520 514 1601 ἐπιθέμενοι·
549 1520 671 1602 λέγεται
698 1521 731 1584 δὲ
758 1522 807 1584 καὶ
837 1521 877 1588 ὣς
907 1522 1043 1602 κεραυνοὶ
1076 1519 1199 1585 πέσοιεν
1228 1520 1276 1584 ἀπ’

125 1624 240 1691 αὐτούς.
285 1619 332 1710 (5)
351 1621 513 1705 στρατηγοὶ
537 1627 570 1688 δὲ
592 1624 683 1689 ἀλλοι
706 1649 738 1688 τε
761 1622 841 1703 ἦσαν
861 1621 909 1688 καὶ
933 1624 1077 1707 Λέαγρος,
1099 1621 1122 1711 φ
1141 1623 1277 1704 μάλιστα

126 1726 328 1809 ἐπετέτραπτο
342 1726 361 1806 ἡ
377 1726 507 1808 δύναμις,
524 1729 572 1792 καὶ
588 1727 738 1795 Δεκελεὺς
759 1727 918 1808 Σωφάνης,
933 1726 966 1794 δς
980 1728 1034 1794 τὸν
1048 1727 1188 1809 Ἀργεῖόν
1203 1752 1275 1793 ποτε

125 1831 295 1897 πένταθλον
316 1831 457 1909 Νεμείων
475 1831 661 1918 ἀνῃρημένου
685 1833 770 1911 υίκην
793 1831 966 1897 ἀπέκτεινεν
989 1831 1177 1912 Εὐρυβάτην,
1199 1837 1276 1910 βοη-

128 1939 237 1999 θοῦντα
253 1932 438 2016 Αἰγινήταις.

365 2164 436 2221 The
459 2164 552 2221 First
574 2165 917 2234 Peloponneso-Attio
940 2166 1032 2222 war.

141 2294 270 2361 Βνοαοίι
285 2294 367 2360 with
383 2295 511 2379 θμαιθα
525 2295 598 2360 and
614 2294 772 2359 Αθίοιιοο
786 2293 868 2358 with
884 2294 992 2379 Ανμοο
1006 2292 1080 2358 and
1096 2290 1225 2358 Thessal
1227 2314 1257 2378 γ.

169 2446 223 2501 70.
247 2435 346 2500 Thuc.
363 2433 385 2500 i.
405 2453 476 2500 102.
493 2454 522 2519 3,
538 2455 568 2512 4.

170 2538 266 2604 Paus.
283 2539 329 2604 iv,
348 2557 398 2617 24.
416 2554 445 2621 7.
492 2537 553 2603 See
568 2536 673 2603 below
690 2545 771 2601 VII.
788 2549 842 2600 66.

170 2641 267 2707 Paus.
283 2642 305 2708 i,
324 2662 374 2726 29.
391 2663 421 2725 9.
468 2641 529 2707 See
547 2641 655 2707 below
673 2649 753 2705 VII.
771 2651 822 2706 72.

400 2828 578 2895 Athenian
599 2827 761 2893 νοίοίίοιυι
782 2825 864 2892 with
886 2827 1002 2912 Ατροο.

481 2965 660 3031 Alimon&
681 2963 722 3050 ἀγ
745 2962 925 3050 Αίςοίιγίος.

169 3117 216 3172 71.
241 3104 386 3192 Ημμοίίι.
404 3102 515 3170 Αοςοίι.
534 3102 677 3187 Αμαιιια
697 3100 861 3186 Ἐδιδάχθη
885 3102 919 3166 τδ
940 3106 1037 3185 δρᾶμα
1059 3098 1108 3165 έπὶ
1132 3099 1277 3185 ἀρχοντος

126 3211 310 3277 Φιλοκλέους
332 3212 495 3292 ὀλυμπιάδι
516 3220 554 3288 ἦ
573 3205 774 3295 (ὀγδοηκοστῇ
796 3204 975 3293 Meursius)
999 3207 1060 3271 ἔτει
1082 3202 1116 3286 β.
1160 3210 1276 3286 πρῶτος

126 3314 281 3397 Αἰσχύλος
294 3311 504 3396 Ἀγαμέμνονι,
520 3311 704 3393 Χοηφάροις,
720 3310 875 3389 Εὐμενίσι,
892 3314 1011 3389 Πρωτεῖ
1026 3308 1184 3392 σατυρικῷ.

168 3445 220 3500 72.
244 3432 362 3498 Aesch.
375 3431 478 3497 Eum.
489 3432 570 3508 864:

386 3540 517 3612 Θυραῖος
539 3535 618 3599 ἔστω
642 3533 785 3613 πόλεμος,
810 3532 843 3596 οὐ
866 3533 956 3612 μόλις
980 3532 1094 3612 παραίν,

385 3642 417 3705 ἐν
442 3636 465 3725 φ
488 3665 534 3706 τις
557 3638 643 3701 ἔσται
666 3636 764 3703 δεινὸς
787 3637 923 3702 εὐκλείας
945 3637 1028 3717 έρως.

168 3771 220 3826 73.
241 3758 266 3824 Ι
265 3757 332 3824 bid.
351 3760 432 3842 287:

227 3869 288 3929 ΟΡ.
306 3867 364 3927 Καὶ
388 3869 441 3928 νῦν
464 3862 518 3945 ἀφ’
541 3864 634 3945 ἁγνοῦ
656 3860 805 3942 στόματος
828 3858 969 3941 εὐφήμως
991 3863 1073 3922 καλῶ

298 3968 399 4051 χώρας
421 3966 561 4031 ἀνασσαν
583 3964 667 4043 τῆσδ’
689 3963 852 4043 Ἀθηναίων
873 3959 939 4043 έμοὶ

296 4073 405 4149 μολεῖν
431 4069 558 4151 ἀρωγάν·
586 4065 728 4145 κτήσεται
751 4064 777 4130 δ’
799 4067 870 4130 άνευ
892 4071 978 4147 δορὸς

298 4173 388 4238 αὐτόν
413 4197 446 4236 τε
472 4169 519 4234 καὶ
544 4175 602 4254 γῆν
627 4168 676 4233 καὶ
700 4175 754 4233 τὸν
774 4169 913 4252 Ἀργεῖον
939 4168 1031 4244 λεάν,

297 4282 409 4340 πιστὸν
435 4277 555 4341 δικαίως
578 4276 609 4340 ές
631 4279 664 4337 τὸ
687 4277 749 4338 πᾶν
770 4298 803 4337 τε
827 4273 995 4354 σύμμαχον.

169 4376 218 4444 Cf·
246 4376 331 4445 ibid·
359 4379 530 4464 όόιάιω
559 4379 728 4461 7⁶2-774;
760 4375 882 4461 Αοαω·
906 4390 1076 4459 449-455;
1100 4373 1274 4459 ⁶38-645;

126 4484 285 4567 ιςςὸοι

664 4600 689 4646 Η
707 4601 726 4648 2
