3000 5046
161 363 292 429 08-104.]
571 355 901 414 BIOGRAPHICAL.
1256 372 1313 434 ²71

164 553 349 630 Θεόπομπος
381 549 485 628 μέντοι
515 553 532 615 ό
564 553 714 634 ἱστορικὸς
744 557 797 616 τὸν
831 553 1002 617 Πανταίνου
1032 554 1129 633 φησὶν
1158 554 1314 617 ἀντιπολι-

162 656 330 719 τεόσασθαι
361 660 515 738 Περικλεῖ,
546 654 617 719 ἀλλ’
650 655 701 719 οὐκ
728 654 919 738 Ἀνδροτίων,
950 655 1034 719 ἀλλὰ
1065 657 1114 721 καὶ
1145 657 1233 723 αι’ντδς
1263 657 1316 721 τὸν

163 758 347 839 Μελησίου).

207 941 283 997 100.
306 929 393 994 Plut.
410 929 526 993 Praec.
545 928 622 995 Ger.
638 927 736 1014 Reip.
753 943 774 1010 5
798 927 887 1016 (Είίι.
906 928 968 997 802
979 927 1039 1016 C):
1067 933 1128 994 Διά
1148 929 1227 995 τοῦτ’
1244 930 1313 1012 ῆνῆ

164 1034 240 1099 κατὰ
259 1033 410 1116 Περικλέα
434 1033 573 1097 πολιτεία
597 1034 709 1119 ’ῑλόγηι
731 1032 818 1111 μέν,”
835 1035 875 1099 ὥς
891 1041 969 1116 φησι
986 1036 1180 1114 Θουκυδίδης,
1197 1040 1313 1115 “δημο-

165 1137 416 1221 κρατία,ἔργιρδ’
437 1138 568 1202 ἀπὸτοῦ
592 1138 709 1219 πρῶτον
727 1139 832 1212 ἀνδρὸς
857 1134 965 1220 ἀρχῆ”
990 1137 1039 1201 διά
1062 1138 1116 1216 τῆν
1142 1142 1194 1201 τοιῖ
1218 1139 1315 1221 λόγου

163 1244 297 1322 δύναμιν.
342 1240 406 1306 ἐπεὶ
425 1238 473 1306 καὶ
489 1242 591 1320 Κίμων
607 1242 718 1324 ἀγαθὸς
734 1241 770 1320 ῆν
789 1237 837 1305 καὶ
856 1240 1025 1322 Ἐφιάλτης
1048 1243 1097 1305 καὶ
1121 1245 1314 1322 Θουκυδίδης,

164 1345 234 1410 ἀλλ’
258 1344 415 1429 ἐρωτηθεὶς
443 1346 528 1412 οὗτος
554 1342 604 1409 ὑπ’
628 1343 813 1427 Ἀρχιδάμου
836 1343 992 1426 βασιλέως
1023 1352 1085 1409 τῶν
1114 1350 1314 1427 Σπαρτιατῶν

163 1452 289 1530 πότερον
304 1452 392 1515 αὐτὸς
405 1447 422 1529 ῆ
435 1453 587 1529 Περικλῆς
601 1451 725 1513 παλαίει
740 1448 868 1529 βέλτιον
884 1455 901 1483 “
912 1449 964 1513 οὐκ
977 1449 1015 1513 ἀν
1026 1451 1118 1528 είδείη
1133 1446 1209 1527 τις,”
1219 1450 1313 1515 εἶπεν·

163 1555 264 1617 “ότον
282 1554 339 1638 γὰρ
360 1555 419 1635 ἐγῶ
440 1552 606 1632 καταβάλω
623 1553 771 1627 παλαίων,
794 1554 906 1619 ἐκεῖνος
930 1552 1029 1634 λέγων
1051 1553 1092 1633 μῆ
1115 1553 1313 1632 πεπτωκέναι,

163 1659 232 1742 νικᾷ
248 1663 295 1721 καὶ
311 1658 408 1722 πείθει
423 1657 492 1722 τοὺς
508 1654 705 1737 θεωμένους.”

206 1846 275 1903 101.
301 1835 355 1900 Id.
378 1834 454 1902 Nic.
479 1854 518 1903 2:
545 1833 693 1902 Ἔνεστιν
716 1835 772 1900 οὖν’
792 1836 861 1916 περὶ
887 1835 995 1901 Νικίου
1023 1843 1143 1918 πρῶτον
1172 1839 1268 1903 είπεῖν
1295 1837 1312 1903 δ

163 1941 315 2024 γέγραφεν
335 1940 561 2023 Ἀριστοτέλης,
580 1942 626 2005 ότι
648 1944 726 2023 τρεῖς
748 1939 890 2021 ἐγένοντο
911 1941 1073 2020 βέλτιστοι
1095 1947 1156 2005 τῶν
1176 1949 1313 2008 πολιτῶν

163 2048 212 2110 καὶ
228 2045 373 2125 πατρικὴν
393 2045 516 2129 ἔχοντες
539 2044 658 2109 εὔνοιαν
680 2040 728 2107 καὶ
751 2045 859 2125 φιλίαν
882 2049 957 2126 πρὸς
979 2043 1032 2108 τὸν
1054 2047 1157 2124 δῆμον,
1173 2045 1313 2112 Νικίοςό

163 2149 334 2231 Νικηράτου
350 2147 399 2213 καί
414 2151 599 2225 Θουκυδίδης
622 2149 640 2210 ἀ
663 2148 825 2224 Μελησίου·
845 2149 893 2212 καὶ
916 2146 1096 2230 Θηραμένης
1120 2146 1313 2231 όἈγνωνος,

162 2252 253 2333 ῆττον
268 2257 300 2318 δὲ
316 2249 434 2331 οιῖτοςῆ
455 2254 571 2318 ἐκεῖνοι·
597 2249 645 2315 καί
666 2255 724 2333 γάρ
745 2253 787 2318 είς
812 2250 989 2334 δυσγένειαν
1015 2251 1054 2318 ὡς
1080 2249 1165 2330 ξένος
1192 2255 1223 2316 ἐκ
1246 2254 1313 2320 Κέω

163 2359 386 2438 λελοιδόρηται,
410 2354 460 2421 καί
486 2356 536 2421 διὰ
561 2361 596 2419 τδ
620 2356 661 2437 μὴ
683 2356 819 2436 μόνιμον,
840 2355 909 2418 ἀλλ’
938 2357 1178 2438 ἐπαμφοτερίζον
1204 2354 1251 2421 ἀεὶ
1277 2356 1316 2444 τῇ

163 2461 337 2543 προαιρέσει
360 2462 411 2537 τῆς
434 2462 589 2527 πολιτείας
612 2459 765 2539 ἐπεκλήθη
786 2457 946 2541 Κόθορνος.
990 2459 1112 2524 ἐκείνων
1128 2463 1160 2524 δέ
1176 2461 1313 2542 πρεσβύ-

162 2590 246 2645 τερος
267 2568 322 2644 μέν
346 2566 362 2627 ό
385 2552 571 2642 Θουκυδίδης
592 2563 639 2644 ῆν,
663 2561 712 2628 καὶ
732 2567 835 2628 πολλά
856 2561 905 2627 καὶ
927 2567 1074 2644 Περικλεῖ
1087 2568 1313 2647 δημαγωγοῦντι

162 2677 222 2734 τῶν
238 2673 339 2732 καλῶν
355 2666 403 2733 καὶ
418 2670 540 2749 ἀγαθῶν
554 2667 771 2749 προϊστάμενος
787 2667 1068 2734 ἀντεπολιτεύσατο.

206 2859 279 2914 102.
302 2846 358 2912 Ιιί.
381 2847 458 2912 Per.
479 2849 519 2912 8:
552 2847 831 2927 Διαμνημονεόεται
855 2846 889 2912 δέ
912 2872 958 2914 τις
982 2842 1031 2910 καὶ
1053 2848 1239 2911 Θουκυδίδου
1261 2852 1314 2911 τοῦ

164 2956 323 3030 Μελησίου
352 2953 444 3035 λόγος
474 2954 518 3019 είς
544 2951 600 3032 τῆν
629 2952 784 3030 δεινότητα
807 2954 860 3015 τοῦ
884 2949 1069 3032 Περικλέους
1093 2950 1170 3029 μετὰ
1193 2954 1314 3018 παιδιάς

163 3057 327 3140 εἰρημένος.
373 3056 409 3136 ἦν
425 3060 479 3137 μὲν
492 3054 551 3139 γάρ
567 3058 583 3119 ὀ
599 3058 783 3133 Θουκυδίδης
798 3061 859 3120 τῶν
877 3060 978 3118 καλῶν
998 3050 1048 3118 καῖ
1062 3054 1183 3135 ἀγαθῶν
1198 3056 1314 3137 ἀνδρῶν

163 3159 212 3226 καὶ
238 3165 384 3225 πλεῖστον
408 3159 681 3225 ἀντεπολιτεύσατο
702 3158 745 3243 τιῆ
766 3163 910 3239 Περικλεῖ
930 3158 1049 3240 χρόνον·
1073 3155 1257 3243 Ἀρχιδάμου
1279 3160 1313 3224 δέ

161 3269 214 3328 τοῦ
224 3264 464 3343 Λακεδαιμονίων
475 3260 631 3343 βασιλέως
644 3261 878 3342 πυνθανομένου,
889 3262 1016 3342 πότερον
1031 3261 1118 3328 αιἰτδς
1129 3261 1148 3342 ῆ
1161 3265 1314 3342 Περικλῆς

161 3369 287 3432 παλαίει
301 3369 437 3446 βέλτιον·
463 3370 481 3399 “
488 3364 611 3446 Ὀταν,”
629 3366 724 3443 εἶπεν,
739 3370 758 3399 “
767 3367 826 3448 ἐγὼ
845 3365 1010 3444 καταβάλω
1033 3367 1179 3441 παλαίων,
1202 3368 1313 3436 ἐκεῖνος

162 3470 337 3552 ἀντιλέγων,
353 3470 393 3536 ὡς
408 3470 443 3533 οὗ
457 3469 607 3549 πέπτωκε,
618 3468 687 3553 νικᾷ
702 3466 751 3532 καί
765 3469 937 3548 μεταπείθει
951 3468 1020 3534 τοὺς
1036 3466 1194 3550 ἀρῶντας.”

205 3661 278 3715 103.
301 3648 385 3714 Plat.
397 3649 496 3714 Meno
512 3668 555 3733 94
566 3647 617 3712 D:
637 3648 739 3712 Ἀλλά
753 3651 811 3732 γάρ
820 3651 896 3714 ἴσως
908 3649 925 3711 ό
937 3648 1121 3727 Θουκυδίδης
1131 3651 1250 3728 φαῦλος
1266 3646 1313 3727 ῆν,

161 3754 210 3820 καὶ
233 3754 284 3818 οὐκ
308 3753 387 3834 ἦσαν
410 3754 488 3840 αὐτῷ
509 3757 652 3818 πλεῖστοι
676 3753 765 3834 φίλοι
779 3752 947 3831 Ἀθηναίων
968 3749 1017 3817 καὶ
1038 3759 1099 3816 τῶν
1120 3751 1312 3834 συμμάχους

161 3857 257 3924 καίτοι
273 3859 369 3924 οίκίας
386 3856 520 3941 μεγάλης
543 3856 648 3943 ἦνκαὶ
668 3856 793 3921 ἐδόνοτο
814 3855 892 3938 μέγα
915 3856 948 3919 ἐν
965 3854 1002 3943 τῆ
1019 3854 1111 3920 πόλει
1129 3857 1178 3919 καὶ
1199 3857 1313 3922 ἐντοῖς

161 3963 270 4028 ἄλλοις
280 3960 448 4042 Ἕλλησιν.

204 4143 279 4199 104.
301 4131 388 4196 Plut.
404 4131 480 4197 Per.
499 4151 557 4210 14:
580 4137 651 4197 Τῶν
671 4135 702 4198 δέ
720 4133 789 4214 περὶ
803 4131 857 4197 τάν
874 4132 1062 4210 Θουκυδίδην
1075 4130 1209 4213 ῥητόρων
1224 4155 1312 4207 κατο-

160 4238 306 4316 βοόυτων
327 4241 379 4299 τοῦ
403 4238 586 4320 Περικλέους
608 4237 647 4303 ῶς
669 4241 846 4302 σπαθῶντος
867 4239 904 4299 τά
923 4233 1062 4318 χρήματα
1078 4235 1125 4298 καὶ
1145 4237 1197 4301 τάς
1216 4260 1313 4316 προσ-

160 4341 247 4406 όδους
278 4339 478 4418 ἀπολλύντος,
508 4339 664 4422 ῆράτησεν
694 4344 727 4405 ἐν
760 4339 908 4424 ἐκκλησίᾳ
936 4344 990 4405 τὸν
1019 4341 1124 4418 δῆμον,
1151 4340 1177 4402 εί
1207 4338 1312 4403 πολλὰ

160 4448 243 4508 δοκεῖ
268 4447 500 4523 δεδαπανῆσθαι·
528 4444 694 4528 φησάντων
713 4446 746 4509 δὲ
770 4443 948 4525 πάμπολλα·
979 4442 1049 4525 “ph
1074 4444 1175 4508 τοίνυν
1184 4442 1200 4469 ”
1228 4441 1313 4507 εἶπεν
