3000 5046
148 386 260 453 8948]
466 379 553 439 THE
581 379 792 439 WESTERN
817 379 994 438 GREEKS.
1239 394 1301 456 317

150 569 331 647 Πολύζηλον
352 572 395 636 εἰς
422 569 477 648 τὴν
505 568 759 653 προϋπάρχουσαν
783 569 903 634 εὐνοιαν
925 569 1163 648 ἀποκατέστησε,
1185 574 1245 633 τῶν
1268 571 1301 633 δέ

148 668 304 752 Ἱμεραίων
318 672 386 739 τοὺς
402 674 552 739 ἐναντίους
567 673 702 739 πολλοὺς
716 674 805 740 ὄντας
821 673 990 751 συλλαβὼν
1006 670 1192 752 ἀπέσφαξεν.

487 883 715 971 Ηύρροίιιυίυυ
736 884 810 952 ancl
831 884 960 972 Κορης.

194 1033 251 1087 40.
275 1021 382 1088 Schol.
397 1022 493 1087 Pind.
510 1021 560 1088 Ol.
576 1023 611 1087 ii.
629 1022 666 1087 8:
699 1022 811 1107 Θήρων
834 1026 898 1092 υίδς
921 1023 959 1104 ήν
982 1024 1199 1105 Αἰνησιδάμου·
1237 1026 1302 1108 εἶχε

151 1131 184 1192 δὲ
207 1128 338 1210 συγγενῆ
353 1126 459 1192 Κάπυν
481 1126 531 1193 καὶ
545 1127 753 1210 Ἱπποκράτην,
769 1131 877 1196 οἵτινες
899 1127 979 1208 ἦσαν
1001 1129 1140 1211 ἀδελφοί·
1174 1130 1242 1212 περὶ
1261 1133 1303 1195 ὧν

150 1229 369 1312 Ἱππόστρατος
385 1235 418 1297 έν
433 1233 473 1318 τῷ
489 1230 518 1311 ζ’
532 1233 638 1314 φησίν.

79 1357 85 1366 ’
195 1361 244 1414 41.
268 1349 290 1414 Ι
291 1348 357 1415 bid.
376 1367 458 1437 173:
494 1350 597 1420 Κάπυς
620 1354 669 1417 καὶ
688 1350 888 1433 Ἱπποκράτης
911 1351 1055 1434 Θήρωνος
1073 1352 1152 1433 ἦσαν
1172 1354 1302 1434 ἀνεψιοί.

152 1455 234 1519 αὐτοι
270 1461 374 1521 πολλὰ
410 1454 460 1522 ὐπ’
497 1457 588 1522 αὐτοῦ
626 1456 881 1540 εὐεργετηθέντες,
919 1456 958 1524 ὡς
997 1458 1097 1534 έάρων
1136 1456 1304 1537 ηὐξημένην

153 1559 242 1623 αὐτοῦ
268 1562 323 1640 τὴν
347 1564 514 1642 τυραννίδα,
541 1566 722 1641 φθονοῦντες
747 1562 883 1638 πόλεμον
907 1559 1018 1642 ἤραντο
1042 1560 1115 1641 πρδς
1143 1561 1242 1625 αὐτόν.
1287 1563 1303 1624 ὁ

153 1666 185 1726 δὲ
219 1667 387 1745 συμβαλὼν
417 1667 516 1733 αὐτοῖς
546 1664 627 1748 παρά
656 1663 776 1745 Ἱμέραν
809 1665 956 1743 ἐνίκησεν.
1004 1662 1078 1729 vet.
1103 1713 1110 1727 .
1134 1712 1142 1728 .
1168 1712 1175 1727 .
1200 1662 1305 1731 Κάπυς

152 1768 210 1850 γὰρ
248 1767 297 1832 καὶ
325 1766 536 1851 Ἱπποκράτης,
570 1770 666 1833 καίτοι
702 1765 896 1855 (1.και’περ)
932 1767 1034 1831 πολλὰ
1065 1769 1125 1832 ὑπὸ
1161 1766 1305 1851 Θήρωνος

155 1871 403 1954 εὐεργετηθέντες,
419 1873 499 1950 ὅμως
514 1872 553 1938 ὡς
573 1873 674 1954 ἑώρων
692 1872 781 1936 αὐτοῦ
804 1872 859 1950 τὴν
880 1872 978 1955 ἀρχὴν
999 1870 1173 1953 αὐξομένην,
1188 1870 1304 1953 φθονή-

155 2000 262 2040 σαντες
277 1973 466 2053 μετέστησαν
480 1981 554 2056 πρὸς
571 1974 703 2056 Ἱέρωνα,
724 1974 773 2039 καὶ
795 1977 931 2053 πόλεμον
951 1976 1117 2057 ἐγείραντες
1139 1975 1200 2038 κατ’
1217 1975 1305 2039 αὐτοῦ

155 2080 314 2158 έπειρῶντο
330 2078 384 2157 τὴν
399 2079 496 2160 ἀρχὴν
511 2085 671 2160 καθαιρεῖν,
687 2079 757 2143 ἀλλ’
771 2078 860 2143 οὐδὲν
875 2077 1067 2157 ἠδυνήθησαν
1082 2081 1124 2143 ὧν
1139 2079 1305 2159 ἐβούλοντο

154 2180 274 2262 πρᾶξαι.
319 2182 395 2248 Ree.

199 2310 254 2365 42.
277 2301 364 2368 Ιύύιί.
379 2301 477 2389 Ργίίι.
494 2302 538 2368 vi.
553 2322 593 2381 4:
627 2303 847 2383 Ἱππόστρατος
869 2304 901 2366 δέ
924 2302 941 2364 δ
961 2303 999 2364 τά
1014 2298 1083 2381 περί
1097 2304 1149 2380 τῆς
1165 2304 1304 2370 Σικελίας

156 2414 348 2490 γενεαλογῶν
370 2410 477 2490 φησίν,
500 2409 547 2472 ὄτι
568 2407 749 2488 Ἐμμενίδης
773 2404 821 2471 καὶ
845 2408 1008 2472 Ξενόδικος
1029 2405 1213 2489 Τηλεμάχου
1234 2409 1305 2486 υἱοί,

157 2511 206 2573 καὶ
232 2509 413 2590 Ἐμμενίδου
442 2516 498 2594 μέν
528 2515 557 2578 οί
583 2509 651 2594 περί
678 2511 810 2594 Θήρωνα
837 2509 886 2574 καί
916 2509 1119 2590 Ξενοκράτην,
1145 2513 1308 2577 Ξενοδίκου

156 2615 188 2677 δὲ
206 2610 399 2696 Ἱπποκράτης
424 2614 472 2681 καὶ
492 2617 606 2692 Κάπυς,
627 2615 656 2681 οδ
677 2617 915 2699 φυγαδευθέντες
936 2616 995 2678 ὑπὸ
1016 2613 1161 2696 Θήρωνος
1182 2617 1308 2696 ὕστερον

157 2718 291 2796 Κάμικον
307 2721 458 2802 κατέσχον
473 2726 686 2786 Σικελιωτικόν
701 2721 848 2800 πόλισμα.
901 2772 905 2779 ,

480 2941 697 3002 Foundntion
719 2939 759 3000 ot
778 2940 892 3010 Aitna,
921 2941 981 2998 &o-

199 3085 254 3140 43.
277 3073 375 3140 Diod.
391 3074 436 3138 xi.
446 3094 507 3159 49:
530 3073 632 3156 Ἱέρων
644 3075 677 3139 δὲ
692 3073 762 3140 τούς
779 3098 812 3138 τε
827 3070 958 3151 Ναξίους
974 3069 1021 3137 καί
1038 3071 1106 3138 τοὺς
1123 3074 1308 3140 Καταναίους

157 3181 189 3243 έκ
214 3189 274 3245 τῶν
303 3181 424 3244 πόλεων
453 3168 637 3258 ἀναστήσας,
667 3178 759 3244 ίδίους
789 3174 946 3256 οἰκήτορας
977 3174 1167 3251 ἀπέστειλεν,
1192 3177 1224 3239 ἐκ
1254 3179 1309 3254 μὲν

158 3281 400 3362 Πελοποννήσου
422 3281 687 3364 πεντακισχιλίους
711 3281 867 3363 ἀθροίσας,
883 3280 915 3343 έκ
935 3280 968 3343 δέ
984 3285 1181 3359 Συρακουσῶν
1197 3282 1310 3346 ἀλλους

158 3387 320 3452 τοσούτους
336 3387 487 3468 προσθείς·
524 3387 573 3450 καὶ
593 3384 649 3462 τὴν
662 3386 718 3462 μέν
734 3381 875 3460 Κατάνην
888 3383 1102 3462 μετωνόμασεν
1118 3385 1240 3463 Αἴτνην,
1256 3383 1310 3461 τὴν

159 3493 191 3555 δέ
213 3489 316 3571 χάραν
343 3489 377 3553 οὐ
401 3487 492 3568 μόνον
514 3487 568 3567 τὴν
591 3487 773 3564 Καταναίαν,
798 3487 880 3550 ἀλλά
901 3486 951 3549 καὶ
975 3485 1096 3563 πολλὴν
1121 3488 1175 3564 τῆς
1202 3486 1311 3568 όμόραυ

158 3589 302 3675 προσθεὶς
325 3591 596 3677 κατεκληρούχησε,
611 3589 731 3673 μυρίους
753 3589 917 3670 πληράσας
939 3587 1106 3669 οἰκήτορας.
1150 3585 1198 3675 (2)
1221 3593 1311 3655 τοῦτο

159 3698 185 3763 δ’
200 3695 312 3779 ἔπραξε
332 3695 471 3760 σπεύδων
493 3694 555 3775 άμα
572 3696 628 3775 μέν
649 3694 734 3778 ἔχειν
751 3692 898 3774 βοήθειαν
918 3694 1038 3776 ἑτοίμην
1058 3690 1223 3777 ἀξιόλογον
1236 3698 1310 3776 πρὸς

159 3805 210 3868 τὰς
226 3801 368 3866 ἐπιούσας
382 3801 495 3883 χρείας,
511 3799 571 3879 ἀμα
586 3801 619 3864 δὲ
636 3795 684 3863 καὶ
700 3800 732 3862 έκ
747 3800 800 3878 τῆς
817 3795 980 3880 γενομένης
996 3795 1174 3879 μυριάνδρου
1192 3799 1311 3864 πόλεως

159 3904 246 3984 τιμάς
268 3904 350 3986 ἔχειν
372 3901 509 3983 ἡρωικάς.
555 3902 624 3970 τοὺς
643 3903 675 3966 δὲ
691 3901 824 3982 Ναξίους
847 3897 894 3965 καὶ
917 3900 984 3967 τούς
1002 3900 1188 3967 Καταναίους
1204 3902 1236 3965 ἔκ
1251 3907 1312 3966 τῶν

159 4010 310 4089 πατρίδων
326 4005 550 4073 ἀνασταθέντας
569 4003 735 4091 μετῴκισεν
755 4007 799 4072 είς
814 4004 881 4071 τοὺς
896 4005 1083 4083 Λεοντίνους,
1099 4001 1147 4068 καί
1160 4006 1237 4083 μετδ
1252 4008 1311 4068 τῶν

161 4112 315 4196 ἐγχωρίων
338 4108 505 4190 προσέταξε
527 4115 676 4174 κατοικεῖν
697 4108 752 4189 τὴν
774 4110 874 4173 πάλιν.
918 4106 966 4195 (3)
989 4106 1100 4190 Θήρων
1120 4110 1153 4172 δέ
1166 4106 1242 4189 μετὰ
1256 4108 1312 4188 τὴν

159 4212 312 4296 Ἱμεραίων
339 4213 462 4296 σφαγὴν
488 4214 567 4296 θρῶν
589 4213 643 4294 τὴν
664 4214 757 4278 πόλιν
779 4214 940 4293 αίκητόρων
961 4211 1115 4293 δεομένην,
1142 4209 1312 4298 συνῴκισεν

162 4320 205 4384 είς
228 4321 337 4395 ταύτην
359 4319 428 4385 τούς
450 4343 484 4382 τε
502 4321 630 4399 Δωριεῖς
652 4319 701 4381 καὶ
723 4322 782 4382 τῶν
804 4315 909 4381 άλλων
924 4314 992 4382 τούς
1013 4313 1219 4396 βουλομένους
1242 4317 1311 4380 έπο-

161 4423 398 4503 λιτογράφησεν.
444 4417 492 4507 (4)
515 4421 596 4485 οὗτοι
620 4423 676 4501 μὶν
699 4420 751 4485 οὐν
773 4419 836 4499 μετ’
862 4418 1008 4497 ἀλλήλων
1031 4425 1131 4486 καλῶς
1152 4419 1312 4484 πολιτευό-

160 4551 245 4605 μενοι
264 4526 439 4590 διετέλεσαν
455 4525 505 4603 ἔτη
527 4522 712 4603 πεντήκοντα
734 4525 783 4588 καὶ
803 4522 890 4587 ἀκταί·
923 4523 991 4587 τότε
1006 4525 1039 4588 δὲ
1054 4523 1106 4600 τῆς
1120 4522 1240 4589 πόλεως
1253 4523 1313 4586 ὐπδ
