3000 5046
210 360 269 420 126
410 360 642 421 EXTERNAL
668 361 866 422 HISTORY
889 363 947 422 OF
967 362 1154 433 ATHENS,
1224 372 1286 439 [01ae
1299 376 1360 424 111.

209 556 423 640 πορθουμένην,
452 557 502 621 καὶ
528 557 698 624 διακοσίαις
729 559 778 622 καὶ
808 560 922 642 χιλίαις
952 562 1040 623 ναυσὶ
1068 557 1288 640 περιπλέοντας
1317 562 1360 625 είς

208 662 358 741 τοσαύτην
380 661 580 740 ταπεινότητα
601 659 838 742 κατεστήσαμεν,
854 665 933 728 ὥστε
955 669 1070 746 μακρδν
1087 669 1195 729 πλοῖον
1219 663 1269 730 έπῖ
1289 663 1361 730 τάδε

209 765 389 847 Φασήλιδος
408 766 449 847 μὴ
470 766 631 833 καθέλκειν
651 763 722 832 ἀλλ’
737 766 869 851 ἡσυχίαν
883 766 978 852 δγειν,
995 766 1127 836 καὶτοὺς
1143 769 1260 850 καιροὺς
1276 794 1360 851 περι-

208 871 310 954 μένειν
326 873 408 936 ἀλλὰ
421 871 464 952 μὴ
479 871 516 960 τῇ
530 872 665 952 παρούσῃ
681 870 804 952 δυνάμει
818 872 982 937 πιστεύειν.

251 1013 321 1070 174.
339 1001 439 1068 Isoer.
449 1000 649 1088 4Ραιιαρητ.
661 1019 741 1068 120:
758 999 906 1066 Μάλιστα
916 1001 942 1068 δ’
954 1002 992 1067 άν
1004 1028 1048 1070 τις
1060 1005 1178 1069 συνίδοι
1188 1009 1224 1068 τδ
1234 1002 1360 1086 μέγεθος

207 1110 261 1187 τῆς
274 1107 457 1188 μεταβολῆς,
474 1107 502 1171 εί
518 1106 723 1189 παραναγνοίη
748 1105 801 1172 τὰς
821 1104 970 1186 συνθήκας
990 1107 1043 1174 τάς
1061 1106 1087 1170 τ’
1102 1105 1152 1188 ἐφ’
1172 1107 1258 1187 ἡμῶν
1270 1108 1359 1190 γενοὲ

206 1209 295 1292 μένας
311 1211 361 1275 καὶ
376 1209 429 1278 τὰς
444 1214 496 1276 νῦν
511 1209 785 1293 ἀναγεγραμμένας.
831 1209 899 1276 τότε
915 1212 971 1291 μὲν
986 1214 1044 1295 γάρ
1059 1211 1143 1291 ἡμεῖς
1160 1212 1359 1294 φανησόμεθα

206 1315 263 1396 ιὴν
282 1314 380 1399 δρχὴν
398 1314 453 1392 τὴν
468 1313 623 1394 βασιλέως
639 1315 785 1394 ὁρίζοντες
807 1315 856 1379 καὶ
876 1321 937 1381 τῶν
956 1316 1060 1396 φόρων
1083 1316 1177 1382 ένίους
1201 1317 1358 1382 τάττοντες

208 1416 258 1485 καὶ
274 1418 439 1485 κωλύοντες
456 1417 596 1507 αὐτὸντῇ
613 1415 748 1506 θαλάττῃ
762 1421 905 1502 χρῆσθαι·
928 1424 982 1484 νῦν
997 1416 1023 1483 δ’
1039 1421 1153 1487 ἐκεῖνος
1169 1428 1255 1484 κ.τ.λ.

251 1568 320 1624 176.
343 1555 398 1622 Id.
418 1570 436 1640 7
457 1555 621 1641 Areopaq.
639 1556 698 1619 80:
721 1559 763 1622 Οἱ
786 1559 819 1621 δέ
833 1556 986 1639 βάρβαροι
1002 1561 1148 1623 τοσοῦτον
1163 1558 1292 1642 ἀπεῖχον
1306 1564 1359 1622 τοῦ

206 1665 468 1743 πολυπραγμονεῖν
482 1661 550 1743 περὶ
565 1665 624 1724 τῶν
638 1657 830 1742 Ἑλληνικῶν
849 1662 1042 1747 πραγμάτων,
1058 1660 1132 1728 ὥστ’
1150 1663 1218 1727 ούτε
1232 1668 1358 1746 μακροῖς

207 1767 327 1832 πλοίοις
347 1765 397 1830 έπῖ
418 1763 489 1830 τάδε
508 1761 684 1843 Φασήλιδος
705 1766 818 1831 ἔπλεον
832 1766 901 1832 ούτε
917 1767 1132 1849 στρατοπέδοις
1146 1767 1230 1833 έντδς
1242 1764 1356 1832 Ἀλυος

206 1875 341 1949 ποταμοῦ
356 1868 538 1949 κατέβαινον
553 1868 636 1933 ἀλλὰ
650 1869 772 1950 πολλὴν
785 1868 918 1955 ἡσυχίαν
932 1869 1017 1952 ἡγον.

249 2018 320 2074 176.
343 2007 398 2074 Id.
428 2025 467 2074 12
492 2004 641 2072 Pamth.
667 2021 727 2090 59:
758 2006 830 2072 Ἐπὶ
853 2010 909 2088 μὲν
933 2006 990 2092 γὰρ
1014 2011 1067 2089 τῆς
1091 2006 1236 2090 ἡμετέρας
1264 2014 1353 2073 δυνα·

207 2113 310 2180 στείας
329 2112 381 2176 ούκ
396 2111 468 2192 έξὴν
482 2111 581 2177 αὐτοῖς
599 2110 660 2175 οὔτ’
677 2111 759 2176 ἐντδς
773 2109 887 2178 Ἀλυος
906 2112 986 2199 πεζῷ
998 2110 1190 2199 στρατοπέδω
1206 2115 1356 2194 καταβαί-

204 2242 269 2282 νειν
283 2216 350 2282 οὔτε
364 2219 487 2297 μακροῖς
504 2217 623 2281 πλοίοις
640 2216 690 2281 ἐπὶ
705 2215 777 2281 τάδε
791 2220 884 2283 πλεῖν
898 2215 1085 2296 Φασήλιδός.

249 2364 317 2421 177.
339 2352 485 2420 Asistod.
507 2350 580 2416 xiii.
605 2369 624 2418 α
647 2351 697 2438 (θ’.
714 2352 759 2417 Η.
778 2351 815 2418 G.
839 2373 871 2415 ν.
898 2374 930 2438 p.
957 2350 1020 2440 16).
1064 2349 1175 2440 (After
1198 2352 1299 2418 death
1321 2354 1359 2420 of

206 2455 343 2538 Kimon,
357 2478 410 2522 see
425 2457 533 2521 above
551 2453 641 2543 156):
666 2454 765 2522 Ούτος
781 2458 798 2521 ό
816 2458 955 2522 Καλλίας
979 2457 1144 2523 ἐσπείσατο
1158 2463 1232 2539 πρὸς
1246 2456 1357 2539 Ἀρτα-

206 2559 315 2645 ξέρξην
344 2559 394 2626 καὶ
423 2560 492 2628 τοὺς
521 2560 648 2627 λοιποὺς
677 2560 808 2643 Πέρσας.
851 2559 1002 2642 έγένοντο
1032 2564 1064 2625 δὲ
1093 2564 1126 2626 αῖ
1150 2560 1281 2627 σπονδαὶ
1308 2563 1357 2627 έπὶ

205 2669 318 2732 τοῖσδε.
355 2662 419 2754 (ἐφ’
435 2662 468 2751 ᾧ)
486 2667 569 2730 ἐντὸς
585 2663 728 2729 Κυανέων
743 2665 792 2728 καὶ
813 2663 939 2729 Νέσσου
956 2668 1091 2745 ποταμοῦ
1107 2666 1157 2730 καὶ
1171 2664 1359 2744 Φασήλιδος,

204 2769 270 2850 ἥτις
293 2771 379 2834 ἐστὶν
400 2770 490 2834 πόλις
512 2769 705 2850 Παμφυλίας,
732 2765 781 2831 καί
802 2767 994 2833 Χελιδονέων
1021 2768 1063 2850 μὴ
1088 2774 1211 2850 μακροῖς
1237 2771 1358 2836 πλοίοις

206 2872 400 2938 καταπλέωσι
417 2871 544 2954 Πέρσαι,
560 2873 609 2937 καὶ
621 2872 704 2939 ἐντὸς
719 2877 809 2953 τριῶν
823 2871 941 2952 ἡμερῶν
956 2873 1036 2949 θδόν,
1051 2870 1089 2952 ἡν
1100 2871 1138 2937 δν
1152 2875 1245 2940 ίππος
1261 2872 1357 2958 όνύσῃ

205 2979 395 3059 διωκόμενος,
410 2978 451 3059 μὴ
467 2985 622 3043 κατιῶσιν.
667 2977 717 3041 καὶ
731 2973 863 3042 σπονδαὶ
879 2976 932 3040 οὖν
947 2977 1083 3060 ἐγένοντο
1098 2982 1243 3042 τοιαῦται.

250 3126 320 3181 178.
342 3113 427 3179 ΡῙαδ.
450 3113 578 3178 Meneoe.
603 3130 662 3191 241
678 3111 725 3178 E:
758 3110 818 3176 Καὶ
844 3115 930 3180 ούτος
954 3117 1009 3194 μὶν
1033 3114 1069 3195 δὴ
1094 3113 1179 3203 πόση
1205 3141 1241 3202 τη
1263 3118 1355 3181 πόλει

205 3217 369 3299 διηντλήθη
397 3220 414 3283 δ
439 3219 572 3300 πόλεμος
594 3219 668 3299 ὑπὲρ
691 3214 782 3303 (242)
805 3221 918 3283 ἑαυτῶν
941 3242 974 3282 τε
999 3216 1049 3284 καί
1074 3223 1133 3283 τῶν
1157 3219 1263 3285 δλλων
1285 3222 1357 3302 δμο·

206 3324 317 3407 φόνων
334 3323 407 3405 πρὸς
428 3322 494 3388 τοὺς
511 3319 697 3404 βαρβάρους·
730 3319 847 3402 εῖρὴνης
866 3323 899 3385 δέ
915 3322 1077 3404 γενομένης
1099 3320 1148 3387 καί
1166 3325 1217 3399 τῆς
1237 3324 1357 3392 πόλεως

205 3426 382 3509 τιμωμένης,
418 3425 512 3506 ἡλθεν
545 3424 592 3490 ἐπ’
630 3424 733 3504 αύτὴν,
769 3424 786 3488 δ
823 3424 859 3504 δὴ
900 3429 988 3507 φιλεῖ
1024 3426 1056 3489 έκ
1094 3430 1154 3490 τῶν
1192 3427 1357 3508 όνθρόπων

204 3536 267 3597 τοῖς
292 3530 325 3594 εδ
351 3531 517 3613 πράττουσι
541 3531 752 3612 προσπίπτειν,
778 3531 976 3610 πρῶτονμὲν
1000 3529 1100 3608 ζῆλος,
1124 3529 1185 3593 όπδ
1212 3529 1304 3610 ζήλου
1325 3535 1356 3596 δὲ

205 3636 329 3719 φθόνος.
375 3633 392 3699 δ
415 3632 464 3699 καῖ
486 3632 575 3714 τὴνδε
598 3632 653 3713 τὴν
675 3635 769 3697 πόλιν
789 3633 922 3697 δκουσαν
945 3635 978 3697 έν
1001 3632 1123 3719 πολέμιρ
1141 3638 1204 3700 τοῖς
1217 3632 1356 3714 Ἕλλησι

204 3738 383 3817 κατέστησε.
428 3741 504 3819 μετὰ
526 3740 558 3802 δὲ
581 3742 668 3801 τοῦτο
690 3735 853 3820 γενομένου
876 3734 1020 3816 πολέμου,
1043 3736 1218 3816 συνέβαλον
1242 3739 1298 3822 μὶν
1325 3741 1357 3805 έν

203 3843 347 3927 Τανάγρᾳ
363 3849 448 3907 κ.τ.λ.

247 3988 319 4044 179.
343 3978 453 4043 Strab.
470 3978 492 4042 i.
509 3998 539 4063 3.
558 3998 572 4041 1
594 3975 683 4064 (47):
706 3974 764 4043 Καὶ
779 3979 884 4042 τούτου
899 3973 966 4062 (τοῦ
982 3975 1160 4065 Δαμόστου)
1176 3978 1201 4043 δ’
1223 3980 1277 4044 ένα
1296 3987 1356 4047 τῶν

204 4080 306 4165 λήρων
331 4082 420 4149 αύτδς
442 4082 526 4165 λέγει
550 4079 806 4170 (Ἐρατοσθένης),
821 4087 874 4148 τδν
887 4084 942 4161 μέν
956 4079 1102 4163 Ἀράβιον
1116 4083 1233 4148 κόλπον
1246 4085 1358 4165 λίμνην

204 4188 473 4267 ὑπολαμβάνοντος
509 4187 598 4265 εἶναι,
627 4187 774 4266 Διότιμον
806 4189 838 4250 δὲ
874 4192 927 4250 τὸν
962 4186 1154 4270 Στρομβίχου
1191 4190 1357 4270 πρεσβείας

203 4289 375 4368 Ἀθηναίων
394 4291 605 4373 ἀφηγουμένου
621 4293 670 4355 διὰ
691 4294 744 4353 τοῦ
765 4290 881 4355 Κύδνου
895 4291 1086 4356 άναπλεῦσαι
1101 4291 1134 4354 έκ
1150 4292 1202 4368 τὴς
1218 4293 1357 4359 Κιλικίας

206 4392 256 4457 έπῖ
283 4398 336 4457 τῶν
362 4393 512 4473 Χοάσπην
535 4396 681 4474 ποταμόν,
705 4393 738 4459 δς
761 4397 843 4475 παρὰ
865 4391 902 4457 τὰ
925 4396 1029 4457 Σοῦσα
1048 4395 1105 4477 ῥεῖ,
1121 4396 1171 4459 καὶ
1192 4395 1357 4476 άφικέσθαι

200 4503 479 4580 τεσσαρακοσταῖον
503 4501 547 4565 είς
572 4501 681 4563 Σοῦσα·
714 4503 807 4563 ταῦτα
829 4495 854 4561 δ’
877 4494 955 4584 αὐτῷ
970 4495 1174 4582 διηγήσασθαι
1194 4498 1285 4564 αύτδν
1299 4507 1352 4566 τὸν
