3000 5046
96 449 108 461 ,
171 380 316 446 loa-107]
432 372 524 431 HER
549 372 705 431 ALLIES
729 372 823 430 AND
850 372 1066 432 COLONIES.
1270 389 1325 448 107

170 563 320 644 Ἀθήνησι
343 568 398 645 μέν
425 565 499 648 ήρχε
526 567 735 646 Μνησιθείδης
841 564 890 631 ἐπὶ
915 570 947 631 δέ
973 567 1087 630 τούτων
1110 570 1245 647 Θηβαῖοι
1268 571 1325 648 μέν

170 669 420 748 τεταπεινωμένοι
444 672 494 733 διά
516 668 570 748 τὴν
594 676 668 752 πρὸς
695 668 813 751 Ξέρξην
836 671 936 736 αὐτοῖς
956 670 1121 753 γενομένην
1142 672 1324 753 συμμαχίαν,

172 770 293 852 ἐζήτουν
312 769 351 837 δι’
372 773 407 837 ού
430 773 542 854 τρόπον
566 772 695 838 δύναιντ’
713 773 752 839 ἃν
773 776 940 849 άναλαβεῖν
960 774 1015 854 τήν
1039 773 1165 856 πάτριον
1186 776 1277 858 ἰσχύν
1291 800 1325 839 τε

172 878 221 941 καὶ
243 875 345 956 δόξαν.
389 873 437 965 (2)
460 882 507 941 διδ
531 878 579 941 καὶ
599 884 660 942 τῶν
680 881 821 943 Βοιωτῶν
835 876 977 943 ἁπάντων
991 878 1259 959 καταφρονούντων
1276 876 1325 942 καὶ

169 978 512 1064 μηκέτιπροσεχόντων
535 985 598 1048 τοῖς
622 983 784 1060 Θηβαίοις,
805 979 908 1061 ἠξίουν
927 982 995 1049 τοὺς
1016 982 1265 1062 Λακεδαιμονίους
1288 983 1324 1069 τῇ

171 1084 260 1148 πόλει
284 1087 541 1164 σνμπεριποιῆσαι
566 1085 622 1163 τήν
647 1087 723 1163 ὅλην
742 1083 907 1167 ἡγεμονίαν
922 1088 974 1164 τῆς
996 1086 1149 1151 Βοιωτίας·
1174 1086 1324 1168 ἐπηγγέλ-

171 1193 262 1252 λοντο
286 1185 312 1252 δ’
335 1188 436 1255 αὐτοῖς
460 1186 525 1253 άντὶ
545 1188 654 1268 ταύτης
672 1191 725 1266 τῆς
739 1188 863 1273 χάριτος
878 1190 938 1274 ίδίη
952 1188 1140 1270 πολεμήσειν
1155 1194 1218 1256 τοῖς
1233 1189 1324 1269 Ἀθη-

171 1293 273 1369 ναίοις,
300 1292 380 1357 ὥστε
406 1293 553 1371 μηδεμίαν
580 1293 713 1372 ἆνάγκην
740 1293 819 1358 εἶναι
845 1299 907 1358 τοῖς
934 1293 1136 1372 Σπαρτιάταις
1160 1293 1245 1359 ἐκτὸς
1271 1297 1324 1372 τῆς

171 1393 411 1475 Πελοποννήσου
435 1395 561 1476 δύναμιν
585 1394 746 1478 ἐξαγαγεῖν
770 1393 872 1474 πεζήν.
916 1394 964 1481 (3)
985 1399 1014 1460 οἱ
1037 1398 1069 1460 δέ
1093 1397 1322 1475 Λακεδαιμόνιοι

171 1498 321 1572 κρίναντες
341 1500 534 1580 συμφέροντα
555 1498 660 1581 λέγειν
680 1500 795 1577 αύτούς,
813 1498 861 1564 καὶ
880 1500 1050 1580 νομίζοντες
1066 1502 1120 1567 τδς
1136 1502 1255 1581 Θήβας,
1271 1499 1324 1565 ἐὰν

170 1598 354 1680 αύξήσωσιν,
367 1602 494 1667 έσεσθαι
506 1605 560 1681 τῆς
571 1608 631 1668 τῶν
641 1601 811 1683 Ἀθηναίων
823 1605 927 1685 ὥσπερ
939 1605 1107 1667 ἆντίπαλόν
1120 1623 1195 1667 τινα·
1218 1604 1323 1685 διόπερ

171 1705 294 1788 ἔχοντες
314 1706 381 1771 τότε
402 1704 470 1786 περὶ
492 1706 652 1790 Τάναγραν
672 1707 792 1783 ἕτοιμον
808 1707 856 1794 καὶ
876 1706 954 1790 μέγα
970 1708 1186 1789 στρατόπεδον,
1200 1711 1253 1786 τῆς
1266 1710 1324 1787 μέν

170 1817 230 1874 τῶν
246 1811 394 1889 Θηβαίων
409 1811 526 1876 πόλεως
542 1811 663 1891 μείζονα
677 1817 730 1876 τδν
745 1812 913 1892 περίβολον
930 1811 1165 1888 κατεσκεύασαν,
1180 1813 1233 1877 τδς
1249 1810 1273 1874 δ’
1291 1813 1324 1873 ἐν

171 1912 299 1998 Βοιωτίη
320 1914 426 1980 πόλεις
447 1912 621 1994 ἠνάγκασαν
641 1915 861 1980 ὑποτάττεσθαι
883 1920 947 1980 τοῖς
966 1916 1127 1996 Θηβαίοις.
1172 1911 1220 2000 (4)
1243 1915 1273 1977 οί
1289 1915 1321 1977 δέ

171 2017 324 2096 Ἀθηναῖοι
347 2018 402 2097 τήν
429 2019 581 2099 ἐπιβολήν
605 2024 673 2082 τῶν
692 2020 937 2099 Λακεδαιμονίων
961 2019 1106 2098 διακόψαι
1134 2018 1322 2096 σπεύδοντες,

171 2120 294 2198 δύναμιν
310 2118 472 2204 άξιόλογον
489 2119 726 2200 συνεστήσαντο,
744 2124 792 2186 καὶ
812 2128 983 2204 στρατηγὸν
1006 2124 1126 2186 εἵλοντο
1143 2124 1323 2202 Μυρωνίδην

172 2230 223 2288 τὸν
240 2225 386 2289 Καλλίου.
432 2222 517 2291 οὗτος
532 2226 565 2290 δέ
582 2226 748 2304 καταλέξας
763 2231 824 2290 τῶν
838 2232 973 2290 πολιτῶν
987 2223 1056 2291 τοὺς
1072 2224 1190 2290 ἱκανοὺς
1206 2223 1321 2307 παρήγ-

171 2334 274 2405 γειλεν
290 2328 400 2404 αὐτοῖς,
416 2329 573 2407 ἐκθέμενος
586 2328 700 2410 ἡμέραν
720 2333 753 2394 ἐν
773 2327 794 2417 ᾗ
815 2330 871 2409 τήν
891 2331 923 2393 ἐκ
947 2332 1000 2406 τῆς
1021 2329 1141 2395 πόλεως
1167 2326 1323 2407 άνάζευξιν

170 2429 285 2511 ήμελλε
301 2437 462 2498 ποιεῖσθαι.
507 2431 555 2519 (5)
579 2430 643 2497 ἐπεὶ
659 2433 684 2497 δ’
702 2435 718 2497 ὁ
734 2434 972 2516 συντεταγμένος
996 2438 1096 2512 καιρὸς
1116 2432 1180 2512 ἧκε,
1198 2430 1322 2496 καὶτῶν

172 2541 360 2615 στρατιωτῶν
388 2561 467 2605 τινες
498 2537 532 2601 ού
563 2536 754 2616 κατήντησαν
788 2544 862 2618 πρὸς
900 2537 955 2616 τὴν
993 2535 1163 2617 ὡρισμένην
1199 2535 1321 2615 ἡμέραν,

171 2640 337 2719 ἀναλαβὼν
352 2640 420 2706 τοὺς
436 2642 703 2722 προσεληλυθότας
719 2645 850 2724 προῆγεν
872 2644 916 2707 είς
936 2640 991 2719 τήν
1012 2641 1168 2704 Βοιωτίαν.
1213 2643 1322 2704 τῶνδὲ

170 2741 326 2824 ἡγεμόνων
341 2746 420 2811 τινές
436 2741 483 2808 καί
499 2751 559 2808 τῶν
574 2748 676 2826 φίλων
692 2747 814 2827 ἔφασαν
834 2751 897 2811 δεῖν
917 2744 1073 2824 ἀναμένειν
1093 2743 1163 2810 τοὺς
1178 2747 1322 2808 καθυστε-

170 2851 306 2925 ροῦντας,
322 2848 339 2910 ά
355 2852 387 2912 δέ
405 2850 592 2929 Μυρωνίδης,
609 2856 731 2916 συνετὸς
751 2848 793 2914 ῶν
813 2850 874 2931 δμα
892 2850 941 2912 καὶ
964 2853 1123 2928 δραστικὸς
1145 2846 1322 2928 στρατηγός,

171 2948 223 3012 ούκ
251 2949 367 3031 ἔφησεν
390 2952 558 3031 ἀναμενεῖν·
591 2954 776 3032 ἀπεφαίνετο
800 2957 858 3035 γὰρ
884 2951 954 3019 τοὺς
980 2954 1034 3032 μέν
1062 2953 1204 3017 ἑκουσίως
1233 2955 1322 3014 καθυ-

172 3058 350 3135 στεροῦντας
365 3057 418 3132 τῆς
434 3053 538 3133 ἐξόδου
554 3052 603 3118 καὶ
620 3058 694 3118 κατὰ
708 3056 763 3134 τήν
776 3056 878 3141 μάχην
893 3057 1026 3137 άγεννῶς
1041 3057 1090 3119 καὶ
1109 3059 1217 3121 δειλῶς
1231 3052 1321 3133 ἕξειν,

171 3155 220 3221 καὶ
235 3158 285 3221 διὰ
300 3163 389 3223 τοῦτο
405 3159 473 3224 οὐδὲ
494 3158 562 3226 τοὺς
582 3159 657 3240 ύπέρ
681 3163 734 3238 τῆς
758 3166 901 3242 πατρίδος
918 3160 1068 3226 κινδύνους
1084 3157 1323 3237 ὑποστήσεσθαι,

171 3259 240 3327 τοὺς
266 3260 290 3325 δ’
317 3263 450 3343 ἑτοίμους
473 3261 550 3327 κατά
573 3263 629 3343 τήν
654 3263 895 3344 συντεταγμένην
921 3261 1032 3344 ἡμέραν
1058 3260 1322 3344 ποραγενηθέντας

170 3364 318 3447 φανεροὺς
335 3366 411 3431 εἶναι
435 3368 513 3431 διότι
537 3364 586 3431 καὶ
607 3367 663 3446 τὴν
679 3370 711 3431 ἐν
726 3367 766 3452 τῷ
780 3367 902 3451 πολέμῳ
918 3364 1004 3446 τάξιν
1021 3366 1055 3429 ού
1071 3367 1321 3447 καταλείψουσιν·

171 3471 244 3549 ὅπερ
257 3471 304 3532 καὶ
317 3470 432 3550 συνέβη
445 3473 596 3552 γενέσθαι.
641 3471 689 3558 (6)
705 3472 827 3554 ὀλίγους
839 3469 896 3552 γάρ
910 3469 1051 3553 προάγων
1060 3471 1257 3551 στρατιώτας,
1274 3467 1322 3532 καὶ

170 3572 292 3638 τούτους
315 3574 455 3654 ἀρίστους
478 3580 543 3641 ταῖς
566 3575 787 3657 άνδραγαθίαις,
803 3571 991 3657 παρετάξατο
1007 3576 1082 3636 κατὰ
1103 3574 1159 3651 τήν
1175 3575 1323 3638 Βοιωτίαν

170 3682 243 3755 πρὸς
256 3680 519 3753 πολλαπλασίους,
530 3676 578 3742 καὶ
590 3678 664 3742 κατὰ
676 3677 784 3761 κράτος
795 3678 986 3760 περιεγένετο
997 3683 1058 3740 τῶν
1070 3677 1320 3760 ἀντιταχθέντων.

212 3777 283 3867 (82)
306 3788 402 3846 Δοκεῖ
418 3781 443 3846 δ’
467 3781 485 3860 ἡ
508 3781 671 3864 παράταξις
692 3784 764 3859 αὕτη
788 3785 934 3860 μηδεμιᾶς
957 3782 1179 3844 άπολείπεσθαι
1203 3785 1265 3844 τῶν
1290 3782 1322 3844 ἐν

170 3888 233 3949 τοῖς
250 3885 421 3967 ἔμπροσθεν
441 3885 562 3967 χρόνοις
583 3885 790 3968 γεγενημένων
810 3881 1006 3967 παρατάξεων
1020 3889 1084 3949 τοῖς
1098 3882 1281 3962 Ἀθηναίοις·
1303 3882 1323 3962 ἥ

170 4013 203 4052 τε
226 3987 285 4070 γὰρ
309 3991 341 4052 ἐν
367 3993 531 4072 Μαραθῶνι
557 3988 701 4070 γενομένη
729 3990 794 4066 νίκη
819 3985 867 4052 καὶ
892 3994 927 4052 τδ
957 3986 1025 4070 περὶ
1057 3989 1215 4053 Πλαταιᾶς
1246 3985 1322 4050 κατὰ
1442 4052 1446 4060 ,

170 4095 300 4174 Περσῶν
324 4091 495 4175 προτέρημα
521 4090 569 4156 καὶ
594 4094 694 4156 τάλλα
717 4092 755 4156 τὰ
779 4094 948 4176 περιβόητα
973 4097 1032 4155 τῶν
1058 4091 1225 4168 Ἀθηναίων
1247 4090 1322 4171 έργα

170 4200 252 4261 δοκεῖ
264 4199 356 4274 μηδὲν
370 4196 514 4280 προέχειν
529 4200 582 4276 τῆς
597 4195 697 4279 μάχης
712 4195 748 4276 ής
760 4197 878 4273 ἐνίκησε
892 4196 1069 4276 Μυρωνίδης
1081 4193 1149 4258 τοὺς
1164 4194 1321 4258 Βοιωτούς.

169 4295 217 4385 (2)
239 4301 360 4364 ἐκείνων
375 4300 433 4382 γὰρ
447 4302 478 4364 αί
497 4303 553 4379 μὶν
574 4301 714 4382 ἐγένοντο
735 4305 809 4381 πρὸς
830 4296 1017 4380 βαρβάρους,
1034 4298 1066 4360 αί
1085 4297 1118 4360 δέ
1140 4295 1321 4360 συνετελέσ-

171 4407 269 4482 θησαν
293 4403 357 4482 μετ’
378 4405 483 4468 ἄλλων
507 4404 683 4487 συμμάχων,
705 4403 816 4481 ταύτην
840 4405 873 4466 δέ
897 4401 952 4480 τὴν
976 4399 1144 4484 παράταξιν
1167 4399 1321 4476 Ἀθηναῖοι

168 4509 256 4587 μόνοι
278 4506 571 4574 διακινδυνεύσαντες
594 4509 737 4585 ἐνίκησαν
759 4505 807 4572 καὶ
829 4512 904 4590 πρὸς
921 4503 1082 4585 Ἑλλήνων
1097 4503 1165 4570 τοὺς
1181 4502 1321 4586 άρίστους
