3000 5046
360 333 364 341 '
398 357 569 418 smera
594 357 687 416 Ανν
712 356 1059 416 ντιονοννιςςος.
1235 355 1296 434 289

145 577 265 629 στησαν
291 555 344 630 τῆς
370 548 437 632 περὶ
462 550 515 615 τὸν
541 551 676 629 πόλεμον
698 546 773 632 πρὸς
796 551 865 618 τοῦς
892 551 1068 630 Ἀθηναίους
1095 552 1196 634 ὁρμῆς.
1246 550 1294 639 (8)

145 653 301 732 Ἀθηναῖοι
323 657 356 719 δὲ
376 652 411 720 τδ
431 658 489 733 μὲν
510 659 627 735 πρῶτον
648 654 843 734 προσεδόκων
859 653 956 737 μέγαν
975 656 1111 735 πόλεμον
1126 654 1207 735 έξειν
1221 655 1295 738 πρὸς

146 758 216 824 τοῦς
229 759 482 840 Λακεδαιμονίους
496 754 564 839 περί
578 759 632 834 τής
647 761 722 823 κατδ
738 756 891 824 θάλατταν
904 757 1075 841 ἡγεμονίας,
1087 758 1136 825 καί
1148 764 1197 825 διδ
1208 765 1296 825 τοῦτο

146 861 276 944 τριήρεις
298 861 515 940 κατεσκεύαζον
536 861 658 928 πλείους
679 859 727 926 καὶ
746 862 907 943 χρημάτων
924 868 1042 944 πλῆθος
1062 865 1232 947 ἐπορίζοντο
1248 864 1296 929 καὶ

114 954 116 956 V
148 971 210 1032 τοῖς
240 964 410 1047 συμμάχοις
436 967 572 1032 έπιεικῦς
598 965 834 1048 προσεφέροντο·
872 966 913 1034 ὥς
938 969 971 1032 δέ
996 970 1034 1031 τδ
1059 966 1206 1049 δοχθέντα
1232 974 1296 1036 τοῖς

147 1069 397 1149 Λακεδαιμονίοις
426 1069 580 1144 έπόθοντο,
606 1074 659 1132 τοῦ
687 1072 743 1151 μὲν
773 1069 876 1151 φόβου
901 1075 954 1134 τοῦ
980 1073 1056 1135 κατὰ
1081 1070 1135 1136 τόν
1161 1072 1297 1150 πόλεμον

148 1173 354 1253 δπελθθησαν,
368 1169 437 1255 περὶ
452 1172 555 1252 δὲτὴν
570 1170 697 1252 αὔξησιν
710 1177 764 1252 τῆς
779 1174 856 1241 ίδίας
870 1174 988 1240 πόλεως
1003 1173 1204 1257 ἠσχολοῦντο.

193 1323 224 1376 3.
245 1310 329 1375 Xon.
345 1308 474 1374 Hellen.
491 1309 537 1374 vi.
553 1326 583 1394 5.
601 1329 663 1393 34:
681 1309 816 1394 Ἔλεγον
833 1307 917 1398 δέ(οί
928 1310 1169 1402 Λακεδαιμόνιοι)
1185 1310 1233 1378 καὶ
1249 1314 1298 1377 ὄσ’

151 1413 250 1496 δγαθδ
268 1417 322 1494 είη,
337 1416 387 1479 ὅτε
402 1419 509 1481 κοινῶς
524 1415 690 1499 δμφότεροι
713 1415 870 1497 ἔτραπον,
885 1413 1162 1496 ὑπομιμνήσκοντες
1184 1420 1240 1499 μὲν
1260 1417 1300 1485 ὡς

150 1516 204 1583 τὸν
217 1519 378 1599 βάρβαρον
394 1515 477 1606 κοινῇ
491 1517 735 1601 ἀπεμαχέσαντο,
750 1517 1025 1599 ἀναμιμνήσκοντες
1041 1520 1073 1585 δέ
1091 1520 1131 1588 ὡς
1145 1517 1303 1596 Ἀθηναῖοί

151 1648 184 1688 τε
199 1621 257 1687 ῦπδ
273 1628 335 1688 τῶν
344 1619 505 1701 Ἑλλήνων
519 1619 670 1708 ᾑρέθησαν
681 1621 827 1705 ἡγεμόνες
838 1627 891 1686 τοῦ
902 1628 1041 1688 ναυτικοῦ
1057 1624 1106 1688 καὶ
1121 1631 1181 1689 τῶν
1193 1632 1301 1692 κοινῶν

151 1726 312 1810 χρημάτων
328 1725 471 1807 φόλακες,
486 1733 547 1791 τῶν
562 1727 806 1804 Λακεδαιμονίων
828 1731 921 1790 ταῦτα
939 1727 1205 1808 συμβουλομένων,
1218 1729 1303 1794 αὐτοί

151 1856 185 1895 τε
209 1833 285 1895 κατὰ
309 1833 366 1912 γῆν
389 1828 637 1912 ὁμολογουμένως
661 1826 714 1910 ὑφ’
728 1830 871 1895 ἁπάντων
892 1835 953 1895 τιῦυ
972 1829 1134 1911 Ἑλλήνων
1155 1831 1302 1915 ἡγεμόνες

152 1938 394 2020 προκριθείησαν,
412 1933 670 2016 συμβουλομένων
685 1935 722 1999 αῦ
737 1940 829 1999 ταῦτα
844 1942 905 2002 τιῦν
919 1934 1098 2015 Ἀθηναίων.

195 2085 228 2139 4.
250 2073 339 2139 ΡΙιιδ.
350 2072 457 2139 Arist.
470 2091 527 2157 23:
543 2073 641 2138 Ἔνθα
652 2073 688 2152 δὴ
702 2070 750 2137 καὶ
761 2070 795 2137 τῦ
808 2075 948 2157 φρόνημα
959 2077 1012 2154 τῆς
1024 2074 1162 2158 Σπάρτης
1173 2074 1302 2159 διεφάνη

153 2178 336 2259 θαυμαστόν.
368 2177 407 2244 ὣς
418 2176 477 2260 γὰρ
486 2176 620 2265 ᾔσθοντο
635 2177 676 2262 τῷ
686 2176 807 2260 μεγέθει
822 2181 875 2257 τῆς
887 2177 1026 2257 ἔξουσίας
1037 2179 1304 2260 διαφθειρομένους

154 2282 251 2347 αῦτῶν
266 2281 336 2348 τοῦς
349 2282 507 2364 ἄρχοντας,
522 2282 644 2362 ἀφῆκαν
662 2282 806 2347 ἑκουσίως
821 2281 876 2361 τὴν
891 2280 1053 2365 ἠγεμονίαν
1069 2279 1118 2346 καί
1133 2282 1303 2364 πέμποντες

154 2383 203 2451 ἐπί
221 2384 275 2450 τόν
293 2385 428 2464 πόλεμον
450 2385 622 2450 έπαῦσαντο
642 2384 835 2468 στρατηγούς,
850 2389 973 2466 μᾶλλον
993 2386 1163 2468 σίροόμενοι
1179 2395 1302 2472 σωφρο-

154 2494 276 2556 νοῦντας
292 2490 375 2571 έχειν
390 2486 438 2553 καί
454 2493 517 2555 τοῖς
533 2489 636 2553 ἔθεσιν
646 2488 828 2569 ἐμμένοντος
839 2489 909 2557 τοὺς
921 2491 1048 2559 πολίτας
1059 2488 1077 2571 ἢ
1089 2494 1142 2571 τῆς
1152 2487 1303 2559 Ἑλλάδος

154 2594 260 2677 δρχειυ
275 2593 405 2673 ἁπάσης.
964 2591 969 2602 ’

321 2815 392 2873 'Phe
415 2814 724 2875 Lakedaimonians
744 2815 782 2872 in
803 2816 978 2875 northern
1001 2819 1139 2877 Greeoo.

202 2957 233 3011 ο.
256 2944 340 3010 Hdt.
355 2945 401 3010 vi.
419 2960 470 3028 72.

201 3094 233 3148 6.
257 3081 345 3148 Plut.
360 3082 400 3149 de
415 3082 537 3148 Herod.
552 3081 697 3169 νιαίίριι.
709 3103 747 3150 οι
759 3080 851 3171 (Ειά.
863 3084 925 3170 859
938 3081 1000 3171 D):
1021 3085 1087 3165 Τήν
1102 3085 1127 3152 δ’
1143 3087 1176 3151 ἐν
1191 3089 1307 3151 Θεττα-

157 3193 225 3256 λοῖς
239 3187 416 3253 δυναστείαν
428 3187 572 3266 ἔπαυσαν,
582 3186 782 3269 Ἀριστομήδη
800 3186 1009 3273 καὶἌγγελον
1025 3189 1248 3256 καταλύσοντες
1258 3189 1308 3254 διδ

158 3292 347 3376 Λεωτυχίδου
361 3295 414 3355 τοῦ
426 3289 593 3372 βασιλέως.

202 3440 232 3496 ’1.
256 3428 354 3494 Paua.
369 3427 418 3493 iii
436 3444 464 3511 7.
477 3450 516 3512 9:
548 3429 813 3511 Λεωτυχίδης...
831 3427 1013 3510 ἐστράτευσε
1036 3434 1069 3495 δὲ
1091 3431 1218 3512 ῦστερον
1240 3430 1309 3494 τοῦ·

158 3560 219 3598 των
248 3530 321 3619 (τῶν
349 3539 424 3615 πρὸς
454 3530 583 3619 Μυκάλῃ
613 3531 796 3618 γενομένων)
825 3534 873 3597 καὶ
905 3531 955 3599 ἐπὶ
984 3533 1053 3600 τοὺς
1082 3533 1247 3600 ’Λλενάδας
1277 3537 1309 3601 ές

161 3638 352 3703 Θεσσαλίαν.
390 3635 438 3701 καὶ
457 3639 487 3701 οί
503 3634 770 3718 καταστρέψασθαι
786 3638 970 3702 Θεσσαλίαν
984 3641 1088 3701 πᾶσαν
1103 3636 1171 3716 έξδν
1189 3638 1240 3702 ὅτε
1262 3638 1310 3703 ἀεὶ

160 3747 280 3808 νικῶντι
290 3743 324 3806 ε’ν
335 3745 401 3808 ταῖς
410 3739 531 3822 μάχαις,
543 3745 622 3822 δῶρα
635 3740 733 3818 ἔλαβε
742 3743 825 3823 παρὰ
839 3746 899 3804 τῦν
910 3739 1091 3806 Ἀλευαδῶν.
1115 3738 1185 3828 (10)
1196 3742 1310 3824 ῦπαγό-

160 3871 249 3927 μενος
263 3849 296 3910 δὲ
312 3847 345 3911 έν
356 3848 557 3925 Λακεδαίμονι
572 3849 602 3912 ές
617 3843 701 3922 δίκην
717 3844 831 3928 έφυγευ
845 3844 1005 3924 ἐθελοντὴς
1019 3846 1050 3911 ές
1064 3845 1190 3925 Τεγέαν.
1229 3845 1278 3911 καὶ
1293 3847 1311 3910 ά

159 3953 216 4030 μὲν
236 3948 340 4014 αὐτόθι
362 3949 418 4028 τὴν
440 3948 573 4029 Ἀθηνᾶν
596 3947 651 4027 τὴν
673 3947 785 4015 ’Λλέαν
810 3950 933 4025 ἱκέτευε,
955 3948 1144 4034 Λεωτυχίδου
1166 3949 1199 4015 δὲ
1217 3950 1234 4014 δ
1255 3953 1312 4031 μὲν

161 4059 232 4121 παῖς
262 4051 447 4132 Ζευξίδαμος
478 4053 589 4132 ζῶντος
617 4055 662 4118 ἔτι
692 4054 884 4136 Λεωτυχίδου
910 4052 959 4117 καὶ
983 4053 1018 4118 οῦ
1044 4056 1235 4137 πεφευγότος
1263 4079 1312 4119 πω

161 4159 287 4241 τελευτᾷ
303 4157 392 4243 νόσιρ.
436 4157 620 4241 ’Λρχίδομος
636 4159 668 4222 δὲ
685 4159 702 4222 ὁ
718 4155 903 4240 Ζευξιδάμου
915 4154 992 4240 μετὰ
1007 4158 1200 4242 Λεωτυχίδην
1216 4158 1311 4224 δπελ-

162 4262 252 4326 θόντα
269 4264 300 4327 ές
314 4260 432 4342 Τεγέαν
447 4261 523 4345 έσχε
538 4261 593 4341 τὴν
607 4260 714 4345 δρχήν.

207 4409 239 4462 8.
262 4395 352 4462 Ιδίιθ.
375 4414 405 4482 5.
433 4396 473 4463 όι
492 4396 556 4463 Ἠν
586 4401 618 4463 δὲ
640 4399 753 4479 ἄρατὸ
776 4401 856 4482 ίερδν
881 4403 969 4463 τοῦτο
990 4395 1039 4484 (τδ
1056 4402 1109 4479 τῆς
1132 4397 1256 4486 Ἁλέας)
1280 4401 1313 4463 εἰκ

162 4505 296 4567 παλαιοῦ
322 4503 583 4582 Πελοποννησίοις
606 4507 703 4568 πᾶσιν
725 4502 890 4587 αἰδέσιμον,
914 4499 962 4567 καί
985 4509 1047 4570 τοῖς
1070 4503 1174 4568 αῦτόθι
1201 4502 1315 4570 ίκετεό·

729 4624 751 4669 U
