3000 5046
193 360 306 426 οτ-οτη
608 338 941 413 ΒτοοκΑΡΗιαΑι.
1286 354 1348 431 269

193 549 232 615 ὣς
248 547 407 632 πράγματα
424 556 590 626 τηλικαῦτα
605 548 787 634 πρόσσειν.”
829 551 864 614 οὗ
875 550 935 631 μήν
945 550 1028 614 ἀλλὰ
1040 552 1089 615 καὶ
1101 556 1175 634 πρὸς
1188 551 1347 634 τὸνλόγον

192 653 276 732 άποξ
307 653 430 731 ἀνέστη,
471 655 527 734 τῆν
555 655 715 737 προβολὴν
744 655 975 736 ἀφοσιούμενος,
1006 656 1056 719 καὶ
1081 663 1142 721 τῶν
1172 657 1347 739 κατηγόρων

192 757 341 840 ἐλάχιστα
357 764 409 822 τὸν
426 757 546 837 Κίμωνα
561 758 702 838 λυπήσας
716 759 908 842 ἀπεχώρησε.

236 924 289 979 93.
313 913 400 979 Plut.
420 913 508 979 Uim.
531 933 571 992 14
585 911 653 1002 (see
667 922 736 978 111.
755 910 834 999 59)ε
858 912 1118 997 ’,ἀπολογούμενος
1134 918 1165 980 δὲ
1185 920 1260 996 πρὸς
1276 916 1345 981 τοὺς

189 1016 335 1084 δικαστὰς
351 1020 401 1084 ούκ
416 1019 527 1084 Ἰώνων
542 1020 601 1100 ἔφη
618 1016 775 1100 προξενεῖν
790 1017 858 1081 οὐδὲ
874 1020 1059 1096 Θεσσαλῶν,
1071 1018 1227 1084 πλουσίων
1240 1020 1345 1098 όντων,

190 1122 295 1205 ὥσπερ
317 1122 444 1206 ἑτέρους,
467 1125 516 1188 ἵνα
539 1122 763 1205 θεραπεύωνται
786 1118 835 1185 καὶ
859 1120 1070 1202 λαμβάνωσιν,
1093 1123 1176 1186 ἀλλὰ
1199 1127 1345 1188 Λακεδαι-

189 1227 310 1304 μονίων,
339 1227 519 1306 μιμούμενος
548 1224 598 1290 καί
628 1227 753 1308 ἀγαπιῖν
783 1225 839 1305 τῆν
869 1225 938 1308 παρ’
976 1225 1076 1292 αὐτοῖς
1107 1226 1263 1291 εὐτέλειαν
1294 1228 1344 1292 καὶ

191 1328 402 1410 σωφροσύνην,
418 1330 453 1409 ῆς
474 1329 580 1394 οὐδένα
603 1333 752 1413 προτιμᾶν
767 1334 909 1405 πλοῦτον,
925 1328 1008 1392 ἀλλὰ
1023 1331 1191 1408 πλουτίζων
1205 1332 1265 1395 ἀπὸ
1281 1339 1344 1397 τῶν

189 1433 342 1513 πολεμίων
363 1433 418 1514 τῆν
441 1433 531 1499 πόλιν
554 1432 758 1516 ἀγάλλεσθαι.
803 1434 949 1512 μνησθεὶς
971 1435 1003 1497 δὲ
1018 1437 1071 1512 τῆς
1086 1436 1212 1517 κρίσεως
1227 1437 1342 1514 ἐκείνης

189 1539 206 1599 δ
229 1538 460 1620 Στησίμβροτός
483 1546 562 1619 φησι
584 1537 640 1617 τῆν
663 1536 841 1617 Ἐλπινίκην
863 1538 939 1619 ὑπὲρ
961 1541 1013 1601 τοῦ
1039 1538 1173 1618 Κίμωνος
1197 1538 1343 1618 δεομένην

189 1641 290 1705 ἐλθεῖν
305 1643 355 1706 ἐπὶ
371 1645 424 1708 τάς
440 1641 530 1725 θύρας
546 1647 598 1706 τοῦ
615 1640 800 1725 Περικλέους
816 1639 914 1724 (οὗτος
929 1638 988 1722 γάρ
1007 1639 1044 1720 ῆν
1059 1644 1119 1705 τῶν
1135 1643 1309 1725 κατηγόρων
1325 1644 1342 1707 ό

188 1743 418 1832 σφοδρότατος),
445 1752 498 1811 τάν
522 1750 554 1812 δὲ
579 1745 777 1829 μειδιάσαντα
801 1746 819 1776 “
830 1748 924 1824 Γραῦς
951 1741 1006 1807 εἶ”
1033 1743 1130 1825 φάναι
1159 1749 1176 1778 “
1185 1750 1286 1828 γραῦς,
1316 1743 1340 1810 ὦ

186 1845 357 1928 Ἐλπινίκη,
374 1850 413 1916 ὥς
428 1856 592 1929 τηλικαῦτα
610 1845 846 1931 διαπράττεσθαι
860 1844 1052 1931 πράγματο·”
1086 1848 1168 1928 πλῆν
1189 1849 1222 1914 έν
1243 1875 1280 1931 γε
1302 1850 1339 1936 τῆ

188 1952 253 2038 δίκῃ
277 1955 446 2040 πρᾳότατον
468 1953 611 2037 γενέσθαι
634 1955 676 2038 τῆ
699 1952 813 2035 Κίμωνι
833 1948 883 2016 καῖ
903 1958 976 2034 πρὸς
992 1951 1048 2031 τῆν
1062 1952 1243 2036 κατηγορίαν
1258 1951 1343 2033 δποξ

188 2055 357 2135 ἀναστῆναι
393 2058 499 2135 μόνον,
536 2058 641 2141 ὥσπερ
677 2055 910 2138 ἀφοσιούμενον.
965 2052 1034 2142 (15)
1057 2055 1174 2135 ἐκείνην
1201 2061 1258 2135 μὲν
1287 2057 1340 2122 οὖν

187 2160 327 2243 ἀπέφυγε
341 2161 397 2241 τῆν
411 2162 504 2239 δίκην.

230 2324 284 2379 94.
308 2313 479 2381 Βοιαοςδίι.
505 2334 545 2400 23
571 2314 615 2380 ιἰι
638 2313 747 2381 Arist.
773 2329 855 2399 205:
890 2316 1026 2395 Κίμωνα,
1052 2317 1100 2381 ότι
1126 2315 1182 2397 τῆν
1214 2317 1337 2401 Παρίων

184 2419 363 2499 μετεκίνησε
378 2420 533 2485 πολιτείαν
556 2419 605 2501 ἐφ’
623 2422 739 2499 ἑαυτοῦ,
762 2417 842 2501 παρά
863 2425 942 2500 τρεῖς
963 2423 1021 2501 μὲν
1043 2421 1178 2501 ἀφεῖσαν
1201 2419 1337 2503 ψήφους,

185 2522 220 2585 τὸ
235 2521 276 2601 μῆ
292 2522 410 2609 θανάτῳ
426 2525 583 2604 ζημιῶσαι,
598 2521 785 2604 πεντήκοντα
800 2526 832 2589 δὲ
847 2522 982 2589 τάλαντα
997 2521 1173 2608 ἐξέπραξαν.

229 2676 393 2744 95.Ρ11ιδ.
419 2677 494 2743 Per.
518 2694 557 2760 7:
588 2676 677 2744 Ἐπεὶ
705 2679 731 2743 δ’
760 2677 948 2760 Ἀριστείδης
976 2682 1033 2760 μὲν
1062 2679 1257 2756 ἀποτεθνήκει
1286 2677 1336 2744 καὶ

184 2784 396 2862 Θεμιστοκλῆς
424 2781 636 2863 έξεπεπτάκει,
662 2785 787 2863 Κίμωνα
809 2783 835 2848 δ’
859 2784 892 2849 αἱ
916 2787 1071 2865 στρατεῖαι
1096 2783 1133 2847 τά
1156 2785 1261 2847 πολλὰ
1282 2784 1336 2862 τῆς

182 2882 335 2954 Ἑλλάδος
357 2887 415 2966 ἔξω
434 2893 584 2972 κατεῖχον,
601 2889 677 2952 οὕτω
699 2888 735 2968 δῆ
757 2886 860 2970 φέρων
878 2889 895 2951 ό
917 2890 1067 2971 Περικλῆς
1083 2886 1127 2973 τηῖ
1140 2885 1222 2972 δήμῳ
1237 2911 1334 2970 προσ-

183 2988 300 3071 ένειμεν
327 2993 441 3067 ἑαυτόν,
466 2991 533 3057 ἀντὶ
562 2998 622 3058 τῶν
647 2992 804 3057 πλουσίων
833 2992 882 3058 καὶ
911 2993 1026 3075 ὀλίγων
1054 2992 1093 3056 τὰ
1118 2998 1179 3056 τῶν
1208 2996 1336 3057 πολλῶν

181 3092 231 3158 κοί
257 3093 394 3176 πενήτων
420 3096 563 3176 ἑλόμενος
589 3095 671 3182 παρά
700 3095 756 3177 τῆν
784 3097 877 3162 αὑτοῦ
906 3095 1002 3179 φύσιν
1030 3096 1141 3177 ἥκιστα
1171 3095 1335 3178 δημοτικὴν

181 3197 285 3264 οὖσαν.

225 3360 281 3415 96.
315 3349 380 3416 Cie
416 3349 457 3415 ἀν
492 3348 585 3418 Oret.
617 3349 665 3416 iii.
698 3370 751 3435 34.
791 3353 878 3436 138:
922 3350 1041 3438 Itaque
1078 3351 1134 3419 hie
1170 3351 1332 3433 doctrine,

180 3452 329 3532 consilio,
358 3451 548 3538 eloquentia
586 3454 756 3534 excellens,
787 3454 1008 3541 quadraginta
1044 3476 1149 3522 annos
1185 3455 1332 3542 praefuit

179 3555 321 3621 Athenis
336 3562 370 3621 et
384 3555 521 3621 urbanis
536 3557 650 3623 eodem
664 3564 813 3643 tempore
828 3563 863 3623 ei
877 3556 1005 3624 bellicis
1019 3558 1125 3624 rebue

223 3659 311 3726 Plui.
326 3659 402 3727 Per.
422 3662 472 3727 16.
518 3659 582 3727 See
597 3660 705 3727 below
720 3672 794 3729 160.

472 3927 574 3994 Later
595 3928 798 4016 Ορροοῖίιοα
820 3933 853 3997 θα
875 3927 1032 3997 Ρανῖίιίοο.

242 4099 453 4187 Τάιιίκγάῖόας
469 4123 531 4167 eon
553 4099 593 4187 of
608 4101 764 4170 Melaniae
785 4103 859 4169 οτιά
881 4102 933 4168 the
955 4102 1208 4190 θνρααῖταθὶοτι
1229 4103 1269 4191 os

521 4205 574 4272 tlte
596 4204 825 4292 Οίῖηατοίιῖοαῖ
846 4206 967 4293 Ρανίγ.

220 4384 271 4440 97.
294 4373 381 4438 Plut.
397 4374 473 4441 Per.
492 4396 551 4442 11:
583 4379 625 4441 01
648 4377 674 4443 δ’
690 4375 931 4463 ἀριστοκρατικοὶ
950 4377 1096 4461 μέγιστον
1118 4381 1175 4460 μὲν
1196 4379 1253 4459 ήδη
1273 4385 1328 4445 τὸν

176 4477 329 4561 Περικλέα
344 4477 393 4542 καὶ
408 4479 542 4563 πρόσθεν
557 4480 684 4564 δρῶντες
699 4482 846 4566 γεγονότα
861 4487 920 4547 τῶν
938 4487 1082 4557 πολιτῶν,
1099 4482 1286 4565 βουλόμενοι
1299 4480 1326 4548 δ’
