3000 5046
204 378 265 420 220
432 361 519 421 THE
544 362 777 421 ΑΤΗΕΝΙΑΝ
801 362 1123 424 CONSTITUTION.
1245 373 1354 439 [om.

246 567 312 620 141
336 553 418 620 Hdt.
434 555 479 620 vi.
498 573 569 637 109.

247 686 319 740 142.
343 674 431 740 Plut.
443 675 506 739 Ar.
523 694 537 739 1
553 699 560 740 :
582 674 620 740 ‘0
635 675 794 760 Φαληρεὺς
804 675 977 759 Δημήτριος
993 725 1001 740 .
1016 726 1042 745 ..
1061 677 1206 760 τεκμήρια
1221 680 1275 757 τῆς
1288 680 1357 759 περὶ

203 779 257 844 τὸν
275 780 359 845 οἶκον
374 779 514 862 εὐπορίας
530 781 564 845 ἐν
577 783 633 862 μέν
652 779 770 863 ήγεῖται
790 781 845 860 τήν
866 782 1022 862 ἐπώνυμον
1043 779 1148 864 ἀρχήν,
1162 779 1201 861 ήν
1220 780 1293 864 ήρξε
1314 807 1356 866 τῳ

204 882 305 969 κυάμῳ
321 886 427 969 λαχδιν
446 886 481 948 ἐκ
500 891 562 951 τῶν
582 890 678 967 γενῦν
698 890 758 951 τῶν
779 884 817 951 τδ
836 884 966 966 μέγιστα
988 884 1138 966 τιμήματα
1161 884 1358 965 κεκτημένων,

204 986 256 1054 οδς
266 989 610 1068 πεντακοσιομεδίμνους
623 989 859 1071 προσηγόρευον,
874 988 977 1069 ἕτερον
992 993 1025 1052 δὲ
1040 994 1092 1054 τδν
1107 986 1355 1070 ἐξοστρακισμόν.

453 1217 517 1284 The
539 1217 599 1285 Lot
621 1241 643 1283 a
665 1217 866 1285 demoratio
887 1217 1099 1284 ιἰιοτόίατόοα.

248 1367 319 1422 148.
342 1356 426 1422 Hdt.
443 1355 491 1423 iii.
509 1355 560 1422 80.

248 1488 321 1543 144.
345 1478 429 1544 Plat.
445 1477 540 1563 Εομμ.
555 1476 600 1542 v’L
618 1476 736 1561 757E:
769 1478 821 1564 Τῷ
842 1483 896 1542 τοῦ
918 1477 1030 1559 κλήρου
1047 1483 1106 1564 ίσιρ
1127 1477 1242 1561 δνόγκη
1260 1503 1356 1559 προσ-

204 1581 379 1667 χρήσασθαι
406 1583 568 1648 δυσκολίας
594 1588 653 1647 τῶν
679 1587 807 1647 πολλῶν
832 1582 929 1662 ἕνεκα,
953 1587 1023 1648 θεὸν
1050 1581 1099 1647 καὶ
1123 1583 1241 1667 ἀγαθήν
1263 1582 1357 1664 τόχην

205 1684 254 1750 καὶ
268 1686 338 1751 τότε
354 1687 387 1750 ἐν
402 1685 505 1768 εὐχαῖς
525 1685 776 1766 ἐπικαλουμένους
797 1687 948 1767 δπορθαῢν
963 1687 1067 1755 αὐτοὺς
1083 1687 1136 1752 τὸν
1151 1690 1263 1769 κλῆρον
1282 1692 1358 1769 πρὸς

205 1795 239 1853 τδ
255 1791 454 1855 δικαιότατον.

139 1908 145 1917 ’
249 1928 322 1982 145.
345 1916 447 1982 Arist.
463 1915 555 1983 Rhet.
571 1916 593 1980 i.
614 1919 643 1983 8.
659 1938 690 1996 4.
711 1917 830 2004 1365b
846 1938 906 2004 31:
930 1916 1022 1984 Ἔστι
1046 1923 1079 1984 δέ
1099 1921 1280 2003 δημοκρατία
1299 1923 1357 1998 μὲν

206 2023 345 2087 πολιτεία
360 2024 393 2086 ἐν
407 2019 426 2109 ᾖ
442 2021 542 2106 κλήριρ
557 2021 747 2100 διανέμονται
762 2025 816 2089 τὰς
831 2022 935 2106 ἆρχός.

247 2125 350 2191 Arist.
365 2123 439 2190 Pol.
454 2125 513 2190 vii.
529 2122 603 2213 (vi.)
616 2123 638 2189 i.
655 2123 712 2212 (τ.)
728 2126 757 2192 8.
777 2141 858 2211 1317
871 2126 894 2192 b
914 2127 961 2192 18.
1007 2126 1067 2193 soe
1081 2127 1188 2193 above
1203 2137 1275 2194 139.

626 2345 690 2411 sse
711 2344 920 2412 δονέουσαι.

133 2540 137 2549 ,
249 2492 321 2547 ιτα.
347 2476 479 2571 [Asist]
496 2480 593 2570 Καρ.
609 2482 687 2549 ΑτΙι.
704 2496 755 2567 55.

248 2609 319 2664 147.
343 2597 464 2663 Pollux
478 2598 551 2666 viii.
569 2617 630 2679 44:
654 2601 828 2680 Δοκιμασὶα
843 2604 876 2664 δέ
891 2606 955 2668 τοῖς
974 2600 1124 2685 δρχουσιν
1139 2600 1357 2684 ἐπηγγέλλετο,

206 2698 254 2765 καὶ
269 2706 333 2768 τοῖς
349 2706 515 2782 κληρωτοῖς
530 2704 656 2770 καὶτοῖς
671 2705 810 2783 αίρετοῖς,
828 2700 881 2767 εἴτ’
896 2701 1063 2782 ἐπιτήδειοί
1077 2705 1157 2767 εἰσιν
1177 2702 1282 2786 δρχειν
1297 2703 1357 2768 είτε

206 2807 255 2869 καὶ
269 2804 322 2885 μή,
338 2807 385 2868 καὶ
401 2809 465 2871 τοῖς
480 2809 680 2890 δημαγωγοῖς,
696 2807 723 2870 εί
743 2805 938 2888 ήταιρηκότες
959 2806 1021 2872 εἶεν
1044 2804 1063 2886 ἢ
1087 2805 1124 2870 τὰ
1144 2805 1255 2887 πάτρια
1271 2831 1356 2871 κατε-

205 2905 400 2989 δηδοκότεςή
430 2907 497 2976 τοὺς
522 2910 628 2992 γονέας
652 2912 851 2976 κεκακακότες
873 2906 892 2988 ἢ
916 2910 1019 2978 ἄλλως
1041 2916 1138 2976 κακῶς
1159 2910 1357 2990 βεβιωκότες·

205 3013 327 3092 ἀτίμους
340 3016 399 3097 γὰρ
414 3012 522 3080 αὐτοὺς
537 3014 630 3096 ἐχρῆν
648 3015 726 3080 εἶναι
741 3011 789 3078 καί
804 3015 845 3096 μὴ
860 3014 971 3095 λέγειν.

697 3297 857 3357 Rumon.

649 3424 713 3490 Τλο
736 3424 912 3512 Ττααοαομ.

249 3527 310 3594 See
324 3538 353 3592 1.
370 3539 433 3594 103
447 3537 481 3593 fl:

565 3674 685 3741 Duties
707 3675 746 3761 os
762 3676 814 3742 the
836 3675 988 3742 Οοαιιοίὶ.

609 3811 655 3880 To
675 3811 813 3899 provide
831 3812 947 3898 funde.

249 3935 363 4031 [Xon]
380 3939 475 4024 Roep.
491 3940 569 4005 Am.
585 3940 632 4006 iii.
651 3961 678 4010 2.
724 3941 786 4007 See
800 3950 829 4006 1.
848 3953 903 4008 ον.

248 4079 321 4133 148.
344 4068 420 4154 Lys.
436 4087 479 4155 30
493 4067 537 4134 νἰι
551 4068 683 4135 Νίοοτη.
700 4090 759 4137 22:
785 4073 881 4140 Εἰδιδς
898 4074 930 4138 δέ
952 4074 999 4138 ότι
1023 4072 1041 4153 ή
1062 4073 1163 4154 βουλὴ
1183 4072 1201 4152 ἡ
1225 4072 1356 4149 βουλεύ-

204 4197 291 4251 ουσα,
307 4173 382 4237 όταν
395 4177 450 4254 μέν
464 4174 521 4262 ἔχη
538 4174 626 4240 ἱκανὰ
640 4174 780 4258 χρήματα
795 4178 839 4243 είς
863 4178 1023 4256 διοίκησιν,
1044 4179 1130 4243 οὐδὲν
1150 4176 1357 4260 ἐξαμαρτάνει,

203 4276 278 4341 ὅταν
293 4280 325 4340 δέ
343 4277 385 4344 είς
402 4279 527 4358 ἀπορίαν
543 4280 687 4367 καταστῇ,
704 4280 903 4363 ἆναγκόζεται
924 4282 1121 4363 είσαγγελίας
1143 4282 1287 4362 δέχεσθαι
1308 4282 1357 4346 καὶ

205 4379 344 4460 δημεύειν
369 4383 408 4446 τδ
435 4389 497 4449 τῶν
525 4389 660 4449 πολιτῶν
684 4385 735 4449 καὶ
760 4390 820 4451 τῶν
842 4384 978 4468 ῥητόρων
1011 4389 1075 4453 τοῖς
1100 4384 1138 4449 τδ
1168 4386 1357 4467 πονηρότατα

206 4482 335 4567 λέγονσι
350 4487 510 4553 πείθεσθαι
529 4495 617 4552 κτλ.
