3000 5046
183 378 226 444 o.]
601 367 936 427 BIOGRAPHICAL.
1273 377 1335 441 235

183 562 398 641 luxuriosius,
422 586 522 651 quam
548 565 607 650 qui
632 564 772 629 aderant
796 563 926 650 perpeti
947 567 1105 648 possent3
1133 559 1183 649 (3)
1205 560 1335 625 aditum

183 668 375 753 petentibus
407 664 658 757 [conveniundi]
690 689 759 733 non
792 667 903 745 dabat,
933 666 1073 752 superbe
1103 663 1335 750 respondebat,

183 770 362 838 crudeliter
381 772 575 858 imperabat.
621 771 776 858 Spartam
796 771 903 836 redire
922 770 1080 850 nolebat;
1107 768 1259 844 Celonas,
1277 769 1336 853 qui

183 874 277 940 locus
305 875 342 940 in
367 897 448 962 agro
474 875 599 941 Troade
628 882 689 953 est,
715 897 749 940 se
780 875 983 949 contulerat;
1017 873 1066 938 ibi
1095 872 1234 938 consilia
1260 893 1335 936 cum

183 1081 350 1147 daemonii
371 1084 561 1164 rescierunt,
582 1083 708 1169 legatos
731 1104 808 1148 cum
829 1083 926 1148 clava
947 1081 989 1145 ad
1011 1103 1086 1146 eum
1106 1081 1277 1155 miserunt,
1299 1079 1335 1142 in

183 1206 251 1269 qua
265 1207 356 1251 more
374 1185 509 1252 illorum
524 1192 596 1252 erat
616 1189 792 1272 scriptum:
817 1188 884 1252 nisi
897 1187 1034 1252 domum
1055 1189 1283 1258 reverteretur,
1301 1203 1335 1247 se

183 1288 303 1374 capitis
325 1311 401 1354 eum
423 1290 648 1356 damnaturos.
694 1290 742 1378 (5)
762 1291 825 1355 hoc
846 1291 965 1356 nuntio
987 1295 1181 1364 commotus,
1200 1306 1336 1372 sperans

183 1413 219 1457 se
248 1393 423 1459 etiamtum
453 1394 594 1479 pecunia
622 1398 656 1459 et
685 1395 836 1480 potentia
868 1394 996 1459 instans
1025 1393 1208 1479 periculum
1238 1412 1335 1476 posse

183 1495 355 1582 depellere,
373 1498 508 1562 domum
530 1498 639 1565 rediit.
682 1498 749 1562 huc
770 1503 809 1562 ut
829 1498 931 1577 venit,
950 1498 995 1563 ab
1016 1498 1146 1583 ephoris
1168 1497 1204 1560 in
1222 1494 1336 1559 vincla

184 1598 318 1682 publica
334 1607 386 1665 est
401 1601 586 1667 coniectus:
614 1602 694 1667 licet
709 1602 798 1666 enim
813 1601 941 1687 legibus
959 1622 1072 1666 eorum
1091 1599 1199 1665 cuivis
1214 1598 1335 1684 ephoro

183 1701 248 1766 hoc
273 1702 379 1769 iacere
405 1704 484 1790 regi.
529 1704 607 1769 hinc
629 1711 741 1769 tamen
767 1727 802 1769 se
828 1702 1010 1790 expedivit,
1034 1723 1141 1788 neque
1163 1724 1202 1767 eo
1228 1701 1334 1786 magis

183 1804 317 1870 carebat
331 1807 531 1892 suspicione:
548 1829 626 1872 nam
642 1807 755 1893 opinio
771 1807 928 1871 manebat
943 1829 1016 1871 eum
1033 1827 1107 1871 cum
1124 1826 1198 1890 rege
1212 1804 1335 1868 habere

184 1908 385 1974 societatem.
430 1908 477 1996 (ό)
499 1916 549 1976 cst
570 1933 675 1996 genus
697 1911 864 1997 quoddam
886 1910 1067 1987 hominum,
1085 1908 1174 1994 quod
1196 1907 1335 1974 Hilotae

184 2018 333 2090 vocatur,
357 2036 497 2100 quorum
525 2037 646 2102 magna
671 2015 852 2080 multitudo
879 2036 975 2100 agros
1002 2012 1335 2078 Lacedaemoniorum

184 2114 265 2181 colit
289 2138 528 2205 servorumque
550 2141 685 2184 munere
712 2119 871 2205 fungitur.
916 2118 975 2183 hos
1001 2138 1133 2204 quoque
1159 2115 1335 2180 sollicitere

185 2240 243 2304 spe
273 2220 439 2287 libertatis
470 2224 737 2289 existimabatur.
783 2222 831 2310 (7)
863 2221 920 2287 sed
953 2221 1043 2307 quod
1072 2220 1190 2284 harum
1225 2240 1336 2284 rerum

184 2321 315 2388 nullum
331 2332 403 2389 erat
416 2333 569 2412 apertum
585 2327 719 2401 crimen,
731 2348 797 2412 quo
809 2324 942 2412 coargui
957 2330 1076 2411 posset,
1088 2345 1155 2389 non
1169 2322 1337 2409 putabant

185 2426 226 2491 de
248 2427 310 2492 tali
331 2435 466 2515 tamque
491 2430 580 2496 claro
604 2430 677 2496 viro
704 2429 946 2516 suspicionibus
968 2435 1119 2514 oportere
1140 2426 1281 2492 iudicari
1303 2436 1337 2491 et

183 2531 455 2616 exspectandum,
471 2533 551 2598 dum
566 2555 600 2598 se
615 2535 689 2619 ipsa
703 2555 754 2598 res
770 2533 924 2619 aperiret.

229 2656 260 2712 4
283 2635 424 2702 Interim
450 2637 599 2723 Argilius
621 2637 757 2722 quidam
778 2635 1053 2715 adulescentulus,
1076 2656 1174 2721 quem
1197 2654 1337 2719 puerum

186 2737 370 2804 Pausanias
392 2762 502 2806 amore
524 2742 656 2805 venerio
679 2741 850 2817 dilexerat,
870 2761 946 2805 cum
970 2739 1147 2823 epistulam
1169 2738 1213 2803 ab
1235 2759 1273 2802 eo
1294 2737 1336 2801 ad

186 2843 391 2908 Artabazum
417 2844 597 2930 accepisset
618 2846 714 2930 eique
741 2845 777 2908 in
799 2844 1021 2929 suspicionem
1044 2845 1188 2907 venisset
1209 2840 1338 2927 aliquid
1391 2844 1395 2852 '

186 2945 222 3009 in
249 2969 288 3011 ea
314 2947 354 3012 de
380 2969 415 3013 se
442 2970 511 3013 esse
539 2949 711 3034 scriptum,
732 2948 822 3033 qued
848 2969 944 3013 nemo
970 2969 1082 3012 eorum
1107 2947 1256 3019 redisset,
1281 2944 1338 3031 qui

188 3046 304 3139 [super
319 3051 381 3116 tali
401 3048 515 3139 causa]
533 3054 648 3118 eodem
669 3052 762 3117 missi
781 3060 885 3128 erant,
901 3051 1012 3116 vincla
1032 3050 1191 3136 epistulae
1206 3049 1339 3114 laxavit

186 3153 346 3241 signoque
362 3156 508 3221 detracto
524 3157 689 3242 cognovit,
704 3156 733 3220 si
749 3155 946 3242 pertulisset,
955 3155 1024 3219 sibi
1039 3176 1108 3220 esse
1123 3153 1336 3240 pereundum.

186 3254 234 3344 (2)
251 3265 347 3323 erant
361 3259 397 3323 in
414 3260 529 3324 eadem
544 3259 688 3345 epistula
703 3281 786 3345 quae
805 3259 849 3323 ad
864 3281 902 3323 ea
917 3258 1137 3345 pertinebant,
1154 3278 1237 3344 quae
1253 3257 1339 3321 inter

186 3382 297 3447 regem
323 3362 587 3449 Pausaniamque
613 3369 845 3429 convenerant.
890 3362 952 3426 has
973 3362 1031 3427 ille
1054 3362 1181 3426 litteras
1207 3359 1339 3446 ephoris

186 3465 335 3532 tradidit.
373 3467 385 3555 (
388 3465 423 3556 3)
438 3489 507 3533 non
522 3474 573 3533 est
588 3467 827 3553 praetereunda
841 3465 989 3551 gravitas
1004 3463 1338 3529 Lacedaemoniorum

186 3568 249 3634 hoc
278 3569 357 3636 loco.
402 3593 479 3636 nam
510 3593 551 3635 ne
582 3571 682 3634 huius
712 3569 846 3655 quidem
876 3569 1000 3634 indicio
1030 3568 1165 3654 impulsi
1195 3572 1274 3632 sunt
1300 3572 1339 3631 ut

186 3671 386 3739 Pausaniam
417 3674 739 3760 comprehenderent,
764 3695 870 3759 neque
896 3673 989 3758 prius
1016 3673 1085 3736 vim
1115 3669 1338 3735 adhibendam

186 3781 398 3860 putaverunt,
422 3800 522 3864 quam
545 3799 579 3843 se
601 3777 672 3863 ipse
694 3776 881 3843 indicasset.
925 3775 973 3863 (4)
992 3777 1104 3861 itaque
1126 3774 1205 3839 huic
1226 3773 1339 3851 indici,

186 3881 267 3966 quid
285 3882 356 3947 fieri
374 3882 509 3958 vellent,
524 3888 769 3969 praeceperunt.
813 3880 929 3946 fanum
947 3879 1098 3964 Neptuni
1118 3886 1170 3946 est
1187 3879 1339 3958 Taenari,

186 3985 273 4069 quod
289 3984 409 4050 violari
427 3986 520 4051 nefas
541 3992 662 4072 putant
682 3986 809 4052 Graeci.
854 4007 892 4051 eo
910 3985 966 4051 ille
983 3980 1113 4076 [index]
1131 3981 1282 4068 confugit
1302 3982 1339 4046 in

186 4111 307 4175 araque
323 4090 483 4155 consedit.
529 4091 615 4156 hanc
629 4092 723 4156 iuxta
738 4091 848 4155 locum
864 4089 1013 4155 fecerunt
1027 4089 1090 4154 sub
1104 4095 1200 4163 terra,
1217 4108 1256 4152 ex
1272 4108 1338 4172 quo

186 4202 298 4280 posset
316 4194 476 4273 exaudiri,
492 4193 519 4259 si
535 4195 704 4281 quiequid
725 4194 914 4281 loqueretur
931 4215 1007 4260 cum
1025 4193 1165 4280 Argilio.
1211 4191 1223 4279 (
1224 4192 1258 4277 5)
1273 4190 1339 4256 huc

187 4319 228 4363 ex
266 4298 398 4382 ephoris
435 4298 571 4384 quidam
608 4299 859 4364 descenderunt.
904 4297 1097 4376 Pausanias,
1133 4301 1172 4360 ut
1208 4293 1340 4359 audivit

186 4401 355 4487 Argilium
382 4402 567 4487 confugisse
598 4403 633 4466 in
662 4424 764 4481 aram,
790 4401 1004 4488 perturbatus
1028 4401 1123 4466 venit
1148 4422 1194 4464 eo.
1240 4418 1338 4484 quem

188 4528 264 4571 cum
290 4505 474 4592 supplicem
497 4506 551 4571 dei
574 4506 701 4573 videret
722 4507 760 4570 in
781 4528 839 4572 ara
861 4505 1035 4583 sedentem,
1059 4501 1197 4591 quaerit,
1219 4521 1339 4568 causac
