3000 5046
52 365 55 369 ’
155 378 292 443 llam]
390 368 477 427 THE
500 366 732 426 ATHENIAN
756 366 1079 425 CONSTITUTION.
1247 382 1308 443 217

201 573 270 630 121.
292 561 385 629 Sui&
403 562 632 642 Δημοποίητοςε
657 562 744 625 δύπδ
753 565 805 625 τοῦ
815 559 908 640 δήμου
919 559 1104 639 εἰσποιηθεὶς
1114 559 1164 625 καὶ
1176 564 1309 644 γεγονὸς

158 669 295 745 πολίτης.
340 669 493 750 Περικλῆς
519 664 577 748 γάρ
604 667 621 729 δ
648 666 829 730 Ξανθίππου
854 665 947 745 νόμον
972 664 1103 746 γράψας,
1129 672 1183 729 τὸν
1206 666 1248 746 μῆ
1277 665 1312 746 ἐξ

158 773 274 853 δμφοῖν
296 772 503 848 άστυπολίτην
520 769 561 849 μῆ
583 769 669 847 εἶναι,
694 768 728 832 ού
748 771 823 849 μετὰ
845 774 960 847 μοκρδν
979 767 1050 835 τοὺς
1070 770 1214 851 γνησίους
1235 771 1308 836 άπο-

157 883 276 963 βολῶν,
289 882 370 947 άκων
381 883 431 946 καὶ
443 881 560 946 στένων
572 884 621 945 καὶ
632 881 729 947 λύσας
740 886 793 946 τὸν
805 883 911 944 ἑαυτοῦ
923 881 1017 961 νόμον
1029 880 1078 944 καὶ
1090 880 1310 966 άσχημονήσας

158 989 298 1053 ἐλεεινῶς
313 986 374 1067 άμα
389 984 438 1049 καὶ
452 991 586 1069 μισητῶς
601 986 707 1071 ἔτυχεν
727 987 769 1049 ῶν
786 983 948 1063 ἠβούλετο.
994 985 1074 1062 ὅμως
1092 1011 1127 1068 γε
1147 986 1208 1066 μῆν
1225 987 1308 1052 άντι-

157 1096 326 1170 βολοῶντος
346 1087 394 1154 καὶ
416 1089 600 1156 δεκάσαντος
617 1089 685 1156 τοὺς
710 1090 848 1154 έντεῦθεν
868 1089 986 1168 ζῶντας,
1001 1089 1063 1169 ὀψὲ
1081 1090 1131 1153 καὶ
1151 1092 1240 1171 μόλις
1256 1097 1310 1154 τὸν

158 1192 248 1258 νόθον
271 1195 300 1257 οδ
322 1199 414 1258 παῖδα
436 1199 491 1257 τδν
513 1190 549 1272 ἐξ
559 1192 734 1259 Ἀσπασίας
751 1196 806 1269 τῆς
824 1194 982 1269 Μιλησίας
1001 1193 1124 1271 ἐποίησε
1144 1195 1309 1274 δημοποίη-

158 1321 219 1363 ταν.
265 1298 465 1377 δημοποίητος
482 1296 535 1362 οδν
550 1299 565 1359 δ
582 1296 676 1378 φύσει
690 1298 746 1376 μὲν
761 1294 857 1375 ξένος,
871 1297 930 1360 ὑπὸ
948 1299 981 1361 δὲ
1000 1301 1052 1360 τοῦ
1069 1295 1163 1378 δήμου
1183 1300 1310 1377 πολίτης

158 1400 299 1484 γεγονός.

225 1677 289 1745 rie
306 1678 516 1746 Limiiaiion
538 1678 578 1766 os
593 1678 644 1745 the
667 1679 874 1765 citizenship
894 1680 938 1746 υἰι
958 1680 1149 1748 οουιινυῖοη
1170 1680 1252 1748 with

468 1782 738 1851 Ροοηιυιιίίοδοό
762 1783 828 1872 9ifl
850 1784 888 1870 os
904 1807 995 1852 αονυ.

202 1964 273 2019 122.
297 1956 353 2022 Ar.
366 1954 455 2041 νειμ.
470 1973 550 2040 715:

203 2058 293 2123 Ἀλλ’
320 2061 432 2125 ὁπόταν
455 2064 511 2141 μὲν
535 2058 658 2125 δείσωσ’
684 2061 781 2139 αὐτοί,
803 2061 859 2140 τῆν
881 2060 1017 2142 Εὔβοιαν
1041 2063 1181 2127 διδόασιν

202 2164 272 2244 ύμῖν
298 2160 347 2226 καὶ
374 2169 460 2229 σῖτον
486 2166 669 2245 ὑφίστανται
695 2163 770 2229 κατὰ
796 2163 982 2245 πεντήκοντα
1008 2167 1166 2248 μεδίμνους

201 2272 326 2347 ποριεῖν·
356 2268 468 2332 έδοσαν
494 2267 519 2333 δ’
542 2268 698 2333 ούτόποτέ
721 2295 779 2347 σοι,
802 2269 884 2347 πλῆν
906 2269 1009 2351 πρόην
1031 2268 1120 2334 πέντε
1139 2271 1309 2351 μεδίμνους,

203 2367 251 2433 καὶ
277 2376 370 2434 τοῦτο
390 2373 478 2449 μόλις
502 2370 602 2451 ξενίας
626 2372 747 2455 φεύγων
769 2372 882 2452 έλοβες
906 2372 981 2435 κατὰ
1003 2375 1126 2457 χοίνικα
1152 2377 1272 2454 κριθῶν.

202 2517 273 2572 122.
295 2505 403 2573 Schol.
413 2508 456 2573 ad
466 2509 522 2572 Ar.
539 2507 626 2594 Veip.
636 2530 668 2572 v.
680 2507 742 2592 718
755 2535 762 2573 :
779 2505 893 2597 (Φησὶν
905 2509 958 2574 οὖν
970 2511 986 2573 δ
998 2512 1169 2595 Φιλόχορος
1180 2507 1247 2598 (fr.
1259 2528 1310 2592 90,

159 2608 288 2686 Miller,
302 2610 339 2675 F.
356 2611 400 2678 H.
414 2610 451 2676 G.
467 2612 488 2674 i.
505 2632 536 2697 p.
551 2612 629 2700 398)
644 2613 728 2679 αδθίς
742 2638 817 2678 ποτε
834 2615 1096 2699 τετρακισχιλίους
1113 2616 1310 2682 ἑπτακοσίους

133 2734 135 2739 ·
159 2709 189 2792 ξ’
203 2714 577 2799 όφθῆναιπαρεγγράφους
590 2715 760 2797 ...μήποτε
773 2719 805 2781 δὲ
824 2719 893 2798 περὶ
910 2720 962 2796 τῆς
979 2715 1015 2797 ἐξ
1028 2719 1183 2801 Αἰγύπτου
1197 2722 1309 2801 δωρεᾶς

160 2818 176 2880 δ
201 2818 303 2898 λόγος,
329 2816 368 2898 ῆν
394 2820 564 2904 Φιλάχορός
594 2828 674 2902 φησι
700 2819 899 2906 Ψαμμήτιχον
929 2821 1048 2903 πέμψαι
1078 2823 1121 2907 τῷ
1146 2820 1229 2908 δῆμιμ
1260 2819 1309 2886 έπὶ

159 2923 367 3005 Λυσιμαχίδου
381 2923 525 3004 μυριάδας
539 2928 628 3006 τρεῖς,
642 2925 724 3004 πλὴν
739 2927 778 2988 τά
792 2928 845 2988 τοῦ
857 2925 983 3006 άριθμοῦ
995 2924 1129 3004 ούδαμῶς
1142 2928 1310 3005 συμφωνεῖ,

160 3023 277 3110 ἑκάστῳ
294 3030 326 3091 δὲ
342 3023 511 3104 Ἀθηναίων
527 3026 617 3093 πέντε
630 3030 800 3107 μεδίμνους.
838 3029 907 3094 τοὺς
922 3031 980 3112 γὰρ
995 3029 1149 3109 λαβόντας
1164 3027 1310 3112 γενέσθαι

157 3129 278 3210 μυρίους
291 3129 549 3214 τετρακισχιλίους
562 3133 733 3199 διακοσίους
741 3129 783 3215 μ’.
818 3131 951 3199 1Ἄλλως·
968 3133 1119 3199 σιτοδείας
1133 3136 1208 3197 ποτέ
1222 3157 1309 3215 γενο·

158 3231 248 3312 μένης
266 3233 300 3297 έν
317 3234 353 3320 τῆ
367 3232 498 3321 Ἀττικῇ,
514 3233 711 3319 Ψαμμήτιχος
726 3237 743 3299 ό
759 3238 812 3315 τῆς
834 3237 951 3317 Λιβύης
973 3235 1122 3316 βασιλεὺς
1146 3234 1310 3301 ἀπέστειλε

160 3341 246 3399 σῖτον
263 3340 326 3402 τοῖς
341 3334 512 3417 Ἀθηναίοις
530 3338 695 3417 αἰτήσασιν
713 3340 811 3405 αὐτόν.
855 3342 908 3418 τῆς
930 3342 963 3404 δὲ
985 3341 1128 3419 διανομῆς
1147 3337 1309 3420 γενομένης

159 3444 212 3504 ποῶ
229 3441 317 3504 σίτου
335 3438 522 3519 ξενηλασίαν
542 3443 690 3521 ἐποίησαν
706 3439 875 3521 Ἀθηναῖοι,
893 3444 943 3507 καὶ
959 3445 992 3507 έν
1007 3445 1048 3528 τῷ
1064 3444 1227 3524 διακρίνειν
1241 3443 1309 3509 τοὺς

159 3544 327 3625 αὐθιγενεῖς
350 3545 436 3627 εὗρον
458 3543 507 3609 καί
526 3546 643 3626 ἑτέρους
663 3547 924 3631 τετρακισχιλίους
947 3547 1143 3612 ἑπτακοσίους
1167 3544 1310 3626 ἑξήκοντα

160 3645 258 3724 ξένους
275 3647 620 3736 παρεγγεγραμμένους).

203 3794 275 3848 124.
299 3783 479 3850 Ρ1οι.Ριι.
496 3801 557 3869 37:
583 3784 740 3865 Ἀκμάζων
763 3787 780 3849 ό
803 3789 954 3868 Περικλῆς
978 3787 1011 3850 έν
1034 3786 1070 3873 τῆ
1091 3787 1231 3872 πολιτεία
1252 3787 1310 3869 πρὸ

160 3885 238 3953 πάνυ
250 3892 375 3953 πολλῶν
386 3889 503 3971 χρόνων
518 3891 568 3954 καὶ
579 3894 686 3957 παῖδας
696 3890 785 3973 έχων,
797 3889 901 3972 ῶσπερ
914 3889 1037 3971 είρηται,
1049 3891 1206 3971 γνησίους,
1217 3890 1312 3971 νόμον

160 3993 288 4074 ἔγραφε,
307 3993 416 4073 μόνους
431 3991 606 4071 Ἀθηναίους
626 3993 704 4058 εῖναι
724 3991 792 4060 τοὺς
808 3995 840 4058 έκ
856 3997 938 4058 δυεῖν
951 3992 1122 4072 Ἀθηναίων
1135 3993 1309 4077 γεγονότας.

160 4093 225 4159 ἐπεὶ
247 4098 280 4159 δὲ
302 4101 353 4160 τοῦ
374 4093 530 4175 βασιλέως
554 4102 614 4162 τῶν
636 4098 809 4177 Αἰγυπτίων
827 4096 941 4178 δωρεὰν
964 4096 1006 4183 τῶ
1029 4094 1112 4181 δήμῳ
1134 4097 1310 4179 πέμψαντος

159 4199 418 4280 τετρακισμυρίους
448 4204 549 4280 πυρῶν
576 4201 735 4281 μεδίμνους
765 4201 825 4266 έδει
853 4204 1048 4281 διανέμεσθαι
1077 4199 1148 4266 τοὺς
1174 4199 1311 4277 πολίτας,

160 4299 274 4366 πολλοὶ
296 4305 352 4380 μὲν
374 4303 543 4382 άνεφύοντο
565 4303 644 4367 δίκαι
665 4308 729 4370 τοῖς
751 4305 851 4370 νόθοις
875 4305 907 4369 ίκ
930 4308 984 4367 τοῦ
1006 4302 1177 4386 γράμματος
1194 4304 1311 4367 ἐκείνου

160 4405 234 4471 τέως
249 4405 505 4470 διαλανθάνουσαι
520 4405 570 4471 καὶ
584 4391 802 4488 παρορώμεναι,
817 4408 930 4472 πολλοὶ
945 4411 979 4473 δὲ
994 4408 1044 4472 καῖ
1059 4404 1310 4488 συκοφαντήμασι

160 4509 366 4591 περιέπιπτον.
392 4508 569 4593 ἐπράθησαν
580 4509 634 4577 νύν
644 4511 770 4580 δλόντες
782 4511 879 4598 όλίγιρ
891 4509 1147 4594 πεντακισχιλίαν
1156 4509 1310 4589 ῖλάτταυς,
