<?xml version="1.0" encoding="UTF-8"?>
<!DOCTYPE html PUBLIC "-//W3C//DTD XHTML 1.0 Transitional//EN"
    "http://www.w3.org/TR/xhtml1/DTD/xhtml1-transitional.dtd">
<html xmlns="http://www.w3.org/1999/xhtml" xml:lang="en" lang="en">
 <head>
  <title>
</title>
<meta http-equiv="Content-Type" content="text/html;charset=utf-8" />
  <meta name='ocr-system' content='tesseract 3.04.00' />
  <meta name='ocr-capabilities' content='ocr_page ocr_carea ocr_par ocr_line ocrx_word'/>
</head>
<body>
  <div class='ocr_page' id='page_1' title='image "./sourcesforgreek00hillgoog/sourcesforgreek00hillgoog_0371.png"; bbox 0 0 3000 5046; ppageno 0'>
   <div class='ocr_carea' id='block_1_1' title="bbox 219 374 1372 457">
    <p class='ocr_par' dir='ltr' id='par_1_1' title="bbox 219 374 1372 457">
     <span class='ocr_line' id='line_1_1' title="bbox 219 374 1372 457; baseline -0.003 -20"><span class='ocrx_word' id='word_1_1' title='bbox 219 395 280 457; x_wconf 84' lang='lat'>354</span> <span class='ocrx_word' id='word_1_2' title='bbox 523 377 611 436; x_wconf 74' lang='lat' dir='ltr'>THE</span> <span class='ocrx_word' id='word_1_3' title='bbox 639 376 850 436; x_wconf 77' lang='lat' dir='ltr'><em>WESTERN</em></span> <span class='ocrx_word' id='word_1_4' title='bbox 874 374 1050 434; x_wconf 75' lang='grc' dir='ltr'>οκῑτκς.</span> <span class='ocrx_word' id='word_1_5' title='bbox 1210 383 1273 448; x_wconf 68' lang='grc' dir='ltr'>[οι.</span> <span class='ocrx_word' id='word_1_6' title='bbox 1284 385 1372 433; x_wconf 88' lang='lat' dir='ltr'>vm.</span> 
     </span>
    </p>
   </div>
   <div class='ocr_carea' id='block_1_2' title="bbox 220 568 1374 765">
    <p class='ocr_par' dir='ltr' id='par_1_2' title="bbox 220 568 1374 765">
     <span class='ocr_line' id='line_1_2' title="bbox 220 568 1374 658; baseline -0.003 -19"><span class='ocrx_word' id='word_1_7' title='bbox 220 575 371 658; x_wconf 84' lang='grc' dir='ltr'>[δηλονότι</span> <span class='ocrx_word' id='word_1_8' title='bbox 389 573 577 656; x_wconf 72' lang='grc' dir='ltr'>μεταθέντων</span> <span class='ocrx_word' id='word_1_9' title='bbox 592 574 681 638; x_wconf 81' lang='grc' dir='ltr'>αὐτὸν</span> <span class='ocrx_word' id='word_1_10' title='bbox 698 577 760 638; x_wconf 76' lang='grc' dir='ltr'>ἐκεῖ</span> <span class='ocrx_word' id='word_1_11' title='bbox 772 572 946 657; x_wconf 76' lang='grc' dir='ltr'>Ῥωμαίων]·</span> <span class='ocrx_word' id='word_1_12' title='bbox 972 568 1102 654; x_wconf 80' lang='grc' dir='ltr'>γραπταὶ</span> <span class='ocrx_word' id='word_1_13' title='bbox 1116 572 1172 650; x_wconf 71' lang='grc' dir='ltr'>μὲν</span> <span class='ocrx_word' id='word_1_14' title='bbox 1187 573 1245 653; x_wconf 84' lang='grc' dir='ltr'>γδρ</span> <span class='ocrx_word' id='word_1_15' title='bbox 1260 570 1374 636; x_wconf 84' lang='grc' dir='ltr'>είκόνες</span> 
     </span>
     <span class='ocr_line' id='line_1_3' title="bbox 221 675 767 765; baseline -0.004 -23"><span class='ocrx_word' id='word_1_16' title='bbox 221 676 337 765; x_wconf 77' lang='grc' dir='ltr'>(αὐτοῦ)</span> <span class='ocrx_word' id='word_1_17' title='bbox 353 680 396 744; x_wconf 79' lang='grc' dir='ltr'>ἔτι</span> <span class='ocrx_word' id='word_1_18' title='bbox 413 675 461 743; x_wconf 76' lang='grc' dir='ltr'>καί</span> <span class='ocrx_word' id='word_1_19' title='bbox 477 683 531 744; x_wconf 84' lang='grc' dir='ltr'>νῦν</span> <span class='ocrx_word' id='word_1_20' title='bbox 546 677 767 761; x_wconf 77' lang='grc' dir='ltr'>περιφέρονται.</span> 
     </span>
    </p>
   </div>
   <div class='ocr_carea' id='block_1_3' title="bbox 221 801 1374 1307">
    <p class='ocr_par' dir='ltr' id='par_1_3' title="bbox 221 801 1374 1307">
     <span class='ocr_line' id='line_1_4' title="bbox 265 801 1373 893; baseline -0.003 -22"><span class='ocrx_word' id='word_1_21' title='bbox 265 805 450 872; x_wconf 76' lang='grc' dir='ltr'>195.1διίί.</span> <span class='ocrx_word' id='word_1_22' title='bbox 476 822 537 891; x_wconf 85' lang='lat'>73:</span> <span class='ocrx_word' id='word_1_23' title='bbox 564 807 713 887; x_wconf 78' lang='grc' dir='ltr'>Ὕστερον</span> <span class='ocrx_word' id='word_1_24' title='bbox 739 807 771 870; x_wconf 74' lang='grc' dir='ltr'>δὲ</span> <span class='ocrx_word' id='word_1_25' title='bbox 797 805 908 893; x_wconf 81' lang='grc' dir='ltr'>(φησὶν</span> <span class='ocrx_word' id='word_1_26' title='bbox 937 805 1028 869; x_wconf 78' lang='grc' dir='ltr'>αὐτὸν</span> <span class='ocrx_word' id='word_1_27' title='bbox 1052 801 1204 891; x_wconf 80' lang='grc' dir='ltr'>Νεάνθης)</span> <span class='ocrx_word' id='word_1_28' title='bbox 1226 805 1277 869; x_wconf 91' lang='grc' dir='ltr'>διά</span> <span class='ocrx_word' id='word_1_29' title='bbox 1305 829 1373 869; x_wconf 89' lang='grc' dir='ltr'>τινα</span> 
     </span>
     <span class='ocr_line' id='line_1_5' title="bbox 222 906 1373 994; baseline -0.004 -19"><span class='ocrx_word' id='word_1_30' title='bbox 222 910 387 994; x_wconf 75' lang='grc' dir='ltr'>πανήγυριν</span> <span class='ocrx_word' id='word_1_31' title='bbox 407 913 609 991; x_wconf 91' lang='grc' dir='ltr'>πορευόμενον</span> <span class='ocrx_word' id='word_1_32' title='bbox 625 911 670 974; x_wconf 80' lang='grc' dir='ltr'>ἐπ’</span> <span class='ocrx_word' id='word_1_33' title='bbox 687 909 804 991; x_wconf 77' lang='grc' dir='ltr'>ἁμάξης</span> <span class='ocrx_word' id='word_1_34' title='bbox 824 910 864 976; x_wconf 80' lang='grc' dir='ltr'>ὥς</span> <span class='ocrx_word' id='word_1_35' title='bbox 884 911 927 976; x_wconf 87' lang='grc' dir='ltr'>είς</span> <span class='ocrx_word' id='word_1_36' title='bbox 943 907 1112 987; x_wconf 79' lang='grc' dir='ltr'>Μεσσήνην</span> <span class='ocrx_word' id='word_1_37' title='bbox 1133 913 1239 972; x_wconf 79' lang='grc' dir='ltr'>πεσεῖν</span> <span class='ocrx_word' id='word_1_38' title='bbox 1254 906 1303 971; x_wconf 81' lang='grc' dir='ltr'>καὶ</span> <span class='ocrx_word' id='word_1_39' title='bbox 1318 913 1373 971; x_wconf 88' lang='grc' dir='ltr'>τόν</span> 
     </span>
     <span class='ocr_line' id='line_1_6' title="bbox 221 1008 1372 1096; baseline -0.006 -16"><span class='ocrx_word' id='word_1_40' title='bbox 221 1015 317 1096; x_wconf 90' lang='grc' dir='ltr'>μηρδν</span> <span class='ocrx_word' id='word_1_41' title='bbox 340 1014 461 1078; x_wconf 91' lang='grc' dir='ltr'>κλάσαι·</span> <span class='ocrx_word' id='word_1_42' title='bbox 496 1014 670 1094; x_wconf 79' lang='grc' dir='ltr'>νοσήσαντα</span> <span class='ocrx_word' id='word_1_43' title='bbox 696 1011 722 1079; x_wconf 92' lang='grc' dir='ltr'>δ’</span> <span class='ocrx_word' id='word_1_44' title='bbox 740 1017 773 1079; x_wconf 80' lang='grc' dir='ltr'>ἔκ</span> <span class='ocrx_word' id='word_1_45' title='bbox 792 1015 896 1077; x_wconf 78' lang='grc' dir='ltr'>τούτου</span> <span class='ocrx_word' id='word_1_46' title='bbox 918 1016 1099 1091; x_wconf 78' lang='grc' dir='ltr'>τελευτῆσαι</span> <span class='ocrx_word' id='word_1_47' title='bbox 1125 1013 1201 1078; x_wconf 77' lang='grc' dir='ltr'>ἔτῶν</span> <span class='ocrx_word' id='word_1_48' title='bbox 1223 1015 1299 1076; x_wconf 76' lang='grc' dir='ltr'>ἑπτδ</span> <span class='ocrx_word' id='word_1_49' title='bbox 1322 1008 1372 1075; x_wconf 80' lang='grc' dir='ltr'>καὶ</span> 
     </span>
     <span class='ocr_line' id='line_1_7' title="bbox 223 1112 1373 1200; baseline 0 -18"><span class='ocrx_word' id='word_1_50' title='bbox 223 1119 437 1199; x_wconf 78' lang='grc' dir='ltr'>ἑβδομήκοντα.</span> <span class='ocrx_word' id='word_1_51' title='bbox 461 1119 537 1183; x_wconf 81' lang='grc' dir='ltr'>εἶναι</span> <span class='ocrx_word' id='word_1_52' title='bbox 553 1118 579 1182; x_wconf 93' lang='grc' dir='ltr'>δ’</span> <span class='ocrx_word' id='word_1_53' title='bbox 591 1119 681 1181; x_wconf 75' lang='grc' dir='ltr'>αὐτοῦ</span> <span class='ocrx_word' id='word_1_54' title='bbox 697 1115 745 1181; x_wconf 76' lang='grc' dir='ltr'>καὶ</span> <span class='ocrx_word' id='word_1_55' title='bbox 757 1118 855 1198; x_wconf 91' lang='grc' dir='ltr'>τάφον</span> <span class='ocrx_word' id='word_1_56' title='bbox 869 1119 903 1182; x_wconf 79' lang='grc' dir='ltr'>ἔν</span> <span class='ocrx_word' id='word_1_57' title='bbox 915 1116 1077 1198; x_wconf 78' lang='grc' dir='ltr'>Μεγάροις.</span> <span class='ocrx_word' id='word_1_58' title='bbox 1115 1112 1185 1200; x_wconf 86' lang='grc'>(74)</span> <span class='ocrx_word' id='word_1_59' title='bbox 1202 1114 1373 1198; x_wconf 76' lang='grc' dir='ltr'>Δημήτριος</span> 
     </span>
     <span class='ocr_line' id='line_1_8' title="bbox 222 1216 1374 1307; baseline -0.004 -21"><span class='ocrx_word' id='word_1_60' title='bbox 222 1220 248 1286; x_wconf 80' lang='grc' dir='ltr'>δ’</span> <span class='ocrx_word' id='word_1_61' title='bbox 274 1225 291 1286; x_wconf 89' lang='grc' dir='ltr'>δ</span> <span class='ocrx_word' id='word_1_62' title='bbox 315 1221 490 1304; x_wconf 80' lang='grc' dir='ltr'>Τροιζήνιος</span> <span class='ocrx_word' id='word_1_63' title='bbox 514 1224 547 1286; x_wconf 75' lang='grc' dir='ltr'>ἔν</span> <span class='ocrx_word' id='word_1_64' title='bbox 571 1223 612 1307; x_wconf 80' lang='grc' dir='ltr'>τῷ</span> <span class='ocrx_word' id='word_1_65' title='bbox 637 1224 711 1286; x_wconf 86' lang='grc' dir='ltr'>κατδ</span> <span class='ocrx_word' id='word_1_66' title='bbox 736 1227 896 1303; x_wconf 80' lang='grc' dir='ltr'>σοφιστῶν</span> <span class='ocrx_word' id='word_1_67' title='bbox 920 1221 1039 1305; x_wconf 75' lang='grc' dir='ltr'>βιβλίῳ</span> <span class='ocrx_word' id='word_1_68' title='bbox 1065 1217 1164 1301; x_wconf 79' lang='grc' dir='ltr'>φησὶν</span> <span class='ocrx_word' id='word_1_69' title='bbox 1193 1219 1283 1283; x_wconf 79' lang='grc' dir='ltr'>αὐτὸν</span> <span class='ocrx_word' id='word_1_70' title='bbox 1307 1216 1374 1283; x_wconf 90' lang='grc' dir='ltr'>καθ’</span> 
     </span>
    </p>
   </div>
   <div class='ocr_carea' id='block_1_4' title="bbox 232 1329 1260 1601">
    <p class='ocr_par' dir='ltr' id='par_1_4' title="bbox 232 1329 1260 1601">
     <span class='ocr_line' id='line_1_9' title="bbox 232 1329 1192 1497; baseline 0.003 -21"><span class='ocrx_word' id='word_1_71' title='bbox 232 1329 355 1408; x_wconf 45' lang='lat' dir='ltr'>opum</span> <span class='ocrx_word' id='word_1_72' title='bbox 396 1411 554 1495; x_wconf 81' lang='grc' dir='ltr'>ἁψάμενον</span> <span class='ocrx_word' id='word_1_73' title='bbox 574 1415 691 1497; x_wconf 89' lang='grc' dir='ltr'>βρόχον</span> <span class='ocrx_word' id='word_1_74' title='bbox 713 1411 803 1478; x_wconf 75' lang='grc' dir='ltr'>αἰπὺν</span> <span class='ocrx_word' id='word_1_75' title='bbox 825 1409 878 1491; x_wconf 87' lang='grc' dir='ltr'>άφ’</span> <span class='ocrx_word' id='word_1_76' title='bbox 900 1413 1034 1494; x_wconf 75' lang='grc' dir='ltr'>θφηλοΐο</span> <span class='ocrx_word' id='word_1_77' title='bbox 1056 1413 1192 1493; x_wconf 80' lang='grc' dir='ltr'>κρανείης</span> 
     </span>
     <span class='ocr_line' id='line_1_10' title="bbox 397 1514 1260 1601; baseline 0.003 -22"><span class='ocrx_word' id='word_1_78' title='bbox 397 1515 497 1601; x_wconf 83' lang='grc' dir='ltr'>αὗχίν’</span> <span class='ocrx_word' id='word_1_79' title='bbox 519 1516 736 1599; x_wconf 77' lang='grc' dir='ltr'>ἀποκρεμάσαι,</span> <span class='ocrx_word' id='word_1_80' title='bbox 758 1515 865 1599; x_wconf 71' lang='grc' dir='ltr'>ψυχὴν</span> <span class='ocrx_word' id='word_1_81' title='bbox 886 1515 912 1580; x_wconf 89' lang='grc' dir='ltr'>δ’</span> <span class='ocrx_word' id='word_1_82' title='bbox 931 1514 1073 1580; x_wconf 80' lang='grc' dir='ltr'>Ἀϊδόσδε</span> <span class='ocrx_word' id='word_1_83' title='bbox 1096 1519 1260 1582; x_wconf 79' lang='grc' dir='ltr'>κατελθεῖν.</span> 
     </span>
    </p>
   </div>
   <div class='ocr_carea' id='block_1_5' title="bbox 222 1651 1375 1928">
    <p class='ocr_par' dir='ltr' id='par_1_5' title="bbox 222 1651 1375 1928">
     <span class='ocr_line' id='line_1_11' title="bbox 222 1651 1375 1741; baseline -0.005 -22"><span class='ocrx_word' id='word_1_84' title='bbox 222 1656 256 1721; x_wconf 69' lang='grc' dir='ltr'>ἓν</span> <span class='ocrx_word' id='word_1_85' title='bbox 271 1658 303 1719; x_wconf 70' lang='grc' dir='ltr'>δὲ</span> <span class='ocrx_word' id='word_1_86' title='bbox 317 1652 358 1741; x_wconf 75' lang='grc' dir='ltr'>τῷ</span> <span class='ocrx_word' id='word_1_87' title='bbox 368 1654 568 1738; x_wconf 79' lang='grc' dir='ltr'>προειρημένῳ</span> <span class='ocrx_word' id='word_1_88' title='bbox 582 1654 761 1738; x_wconf 79' lang='grc' dir='ltr'>Τηλαύγους</span> <span class='ocrx_word' id='word_1_89' title='bbox 777 1655 941 1738; x_wconf 72' lang='grc' dir='ltr'>ἐπιστολίῳ</span> <span class='ocrx_word' id='word_1_90' title='bbox 956 1653 1079 1734; x_wconf 77' lang='grc' dir='ltr'>λέγεται</span> <span class='ocrx_word' id='word_1_91' title='bbox 1096 1652 1186 1717; x_wconf 75' lang='grc' dir='ltr'>αὐτὸν</span> <span class='ocrx_word' id='word_1_92' title='bbox 1204 1655 1247 1719; x_wconf 81' lang='grc' dir='ltr'>είς</span> <span class='ocrx_word' id='word_1_93' title='bbox 1262 1651 1375 1717; x_wconf 87' lang='grc' dir='ltr'>θάλατ-</span> 
     </span>
     <span class='ocr_line' id='line_1_12' title="bbox 222 1753 1375 1838; baseline -0.003 -16"><span class='ocrx_word' id='word_1_94' title='bbox 222 1782 278 1822; x_wconf 90' lang='grc' dir='ltr'>ταν</span> <span class='ocrx_word' id='word_1_95' title='bbox 307 1761 366 1822; x_wconf 82' lang='grc' dir='ltr'>θπδ</span> <span class='ocrx_word' id='word_1_96' title='bbox 391 1757 489 1838; x_wconf 81' lang='grc' dir='ltr'>γήρως</span> <span class='ocrx_word' id='word_1_97' title='bbox 519 1758 686 1823; x_wconf 83' lang='grc' dir='ltr'>ὀλισθόντα</span> <span class='ocrx_word' id='word_1_98' title='bbox 716 1760 906 1837; x_wconf 82' lang='grc' dir='ltr'>τελευτῆσαι.</span> <span class='ocrx_word' id='word_1_99' title='bbox 953 1753 1001 1820; x_wconf 83' lang='grc' dir='ltr'>καὶ</span> <span class='ocrx_word' id='word_1_100' title='bbox 1031 1761 1124 1821; x_wconf 79' lang='grc' dir='ltr'>ταῦτα</span> <span class='ocrx_word' id='word_1_101' title='bbox 1148 1757 1205 1836; x_wconf 74' lang='grc' dir='ltr'>μὲν</span> <span class='ocrx_word' id='word_1_102' title='bbox 1228 1753 1296 1838; x_wconf 80' lang='grc' dir='ltr'>περὶ</span> <span class='ocrx_word' id='word_1_103' title='bbox 1321 1761 1375 1819; x_wconf 84' lang='grc' dir='ltr'>τοῦ</span> 
     </span>
     <span class='ocr_line' id='line_1_13' title="bbox 224 1859 570 1928; baseline 0.009 -3"><span class='ocrx_word' id='word_1_104' title='bbox 224 1861 353 1927; x_wconf 90' lang='grc' dir='ltr'>θανάτου</span> <span class='ocrx_word' id='word_1_105' title='bbox 368 1859 416 1926; x_wconf 78' lang='grc' dir='ltr'>καί</span> <span class='ocrx_word' id='word_1_106' title='bbox 431 1867 570 1928; x_wconf 81' lang='grc' dir='ltr'>τοσαῦτα</span> 
     </span>
    </p>
   </div>
   <div class='ocr_carea' id='block_1_6' title="bbox 450 2066 1157 2281">
    <p class='ocr_par' dir='ltr' id='par_1_6' title="bbox 450 2066 1157 2281">
     <span class='ocr_line' id='line_1_14' title="bbox 634 2066 969 2124; baseline -0.006 0"><span class='ocrx_word' id='word_1_107' title='bbox 634 2066 775 2124; x_wconf 77' lang='lat' dir='ltr'><strong>sieilian</strong></span> <span class='ocrx_word' id='word_1_108' title='bbox 797 2067 969 2124; x_wconf 80' lang='lat' dir='ltr'><strong>Rhetorio.</strong></span> 
     </span>
     <span class='ocr_line' id='line_1_15' title="bbox 450 2194 1157 2281; baseline -0.003 -19"><span class='ocrx_word' id='word_1_109' title='bbox 450 2197 593 2281; x_wconf 76' lang='grc' dir='ltr'>Αρδηιςο</span> <span class='ocrx_word' id='word_1_110' title='bbox 613 2195 652 2280; x_wconf 83' lang='lat' dir='ltr'>of</span> <span class='ocrx_word' id='word_1_111' title='bbox 670 2194 720 2261; x_wconf 71' lang='lat' dir='ltr'>the</span> <span class='ocrx_word' id='word_1_112' title='bbox 741 2195 908 2261; x_wconf 72' lang='lat' dir='ltr'>Siciliam</span> <span class='ocrx_word' id='word_1_113' title='bbox 920 2194 982 2279; x_wconf 81' lang='lat' dir='ltr'>for</span> <span class='ocrx_word' id='word_1_114' title='bbox 1004 2194 1070 2261; x_wconf 68' lang='lat' dir='ltr'>this</span> <span class='ocrx_word' id='word_1_115' title='bbox 1090 2200 1157 2261; x_wconf 77' lang='lat' dir='ltr'><strong><em>art.</em></strong></span> 
     </span>
    </p>
   </div>
   <div class='ocr_carea' id='block_1_7' title="bbox 268 2332 1230 2523">
    <p class='ocr_par' dir='ltr' id='par_1_7' title="bbox 268 2332 1230 2523">
     <span class='ocr_line' id='line_1_16' title="bbox 268 2332 776 2420; baseline -0.004 -21"><span class='ocrx_word' id='word_1_116' title='bbox 268 2347 342 2401; x_wconf 84' lang='grc'><strong>196.</strong></span> <span class='ocrx_word' id='word_1_117' title='bbox 366 2334 461 2399; x_wconf 90' lang='lat' dir='ltr'>Pind.</span> <span class='ocrx_word' id='word_1_118' title='bbox 478 2333 573 2419; x_wconf 76' lang='grc' dir='ltr'>Ργθι.</span> <span class='ocrx_word' id='word_1_119' title='bbox 589 2335 611 2397; x_wconf 89' lang='lat' dir='ltr'>i.</span> <span class='ocrx_word' id='word_1_120' title='bbox 627 2353 669 2412; x_wconf 79' lang='lat'>42</span> <span class='ocrx_word' id='word_1_121' title='bbox 685 2332 756 2420; x_wconf 85' lang='lat'>(81)</span> <span class='ocrx_word' id='word_1_122' title='bbox 770 2359 776 2397; x_wconf 94' lang='lat'><strong>:</strong></span> 
     </span>
     <span class='ocr_line' id='line_1_17' title="bbox 357 2435 1230 2523; baseline 0 -21"><span class='ocrx_word' id='word_1_123' title='bbox 357 2437 415 2502; x_wconf 79' lang='grc' dir='ltr'>Καὶ</span> <span class='ocrx_word' id='word_1_124' title='bbox 438 2435 532 2518; x_wconf 78' lang='grc' dir='ltr'>σοφοὶ</span> <span class='ocrx_word' id='word_1_125' title='bbox 556 2436 603 2501; x_wconf 79' lang='grc' dir='ltr'>καὶ</span> <span class='ocrx_word' id='word_1_126' title='bbox 625 2435 715 2523; x_wconf 80' lang='grc' dir='ltr'>χερσὶ</span> <span class='ocrx_word' id='word_1_127' title='bbox 737 2435 840 2517; x_wconf 73' lang='grc' dir='ltr'>βιαταὶ</span> <span class='ocrx_word' id='word_1_128' title='bbox 864 2437 1074 2519; x_wconf 81' lang='grc' dir='ltr'>περίγλωσσοί</span> <span class='ocrx_word' id='word_1_129' title='bbox 1094 2436 1120 2502; x_wconf 89' lang='grc' dir='ltr'>τ’</span> <span class='ocrx_word' id='word_1_130' title='bbox 1145 2438 1230 2519; x_wconf 81' lang='grc' dir='ltr'>ἔφυν.</span> 
     </span>
    </p>
   </div>
   <div class='ocr_carea' id='block_1_8' title="bbox 225 2555 1376 2747">
    <p class='ocr_par' dir='ltr' id='par_1_8' title="bbox 225 2555 1376 2747">
     <span class='ocr_line' id='line_1_18' title="bbox 269 2555 1376 2641; baseline -0.002 -18"><span class='ocrx_word' id='word_1_131' title='bbox 269 2571 339 2625; x_wconf 86' lang='grc'><strong>197.</strong></span> <span class='ocrx_word' id='word_1_132' title='bbox 364 2558 473 2624; x_wconf 80' lang='lat' dir='ltr'><strong>Schol.</strong></span> <span class='ocrx_word' id='word_1_133' title='bbox 499 2557 545 2622; x_wconf 81' lang='lat' dir='ltr'>ad</span> <span class='ocrx_word' id='word_1_134' title='bbox 570 2558 652 2622; x_wconf 62' lang='lat' dir='ltr'>loa:</span> <span class='ocrx_word' id='word_1_135' title='bbox 687 2555 786 2640; x_wconf 83' lang='grc' dir='ltr'>ΙἈγαν</span> <span class='ocrx_word' id='word_1_136' title='bbox 808 2557 980 2641; x_wconf 76' lang='grc' dir='ltr'>εὖγλωσσοι</span> <span class='ocrx_word' id='word_1_137' title='bbox 1008 2555 1058 2622; x_wconf 82' lang='grc' dir='ltr'>καὶ</span> <span class='ocrx_word' id='word_1_138' title='bbox 1088 2556 1207 2622; x_wconf 82' lang='grc' dir='ltr'>δυνατοὶ</span> <span class='ocrx_word' id='word_1_139' title='bbox 1236 2558 1311 2622; x_wconf 84' lang='grc' dir='ltr'>κατὰ</span> <span class='ocrx_word' id='word_1_140' title='bbox 1341 2566 1376 2621; x_wconf 86' lang='grc' dir='ltr'>τὸ</span> 
     </span>
     <span class='ocr_line' id='line_1_19' title="bbox 225 2664 495 2747; baseline -0.011 -19"><span class='ocrx_word' id='word_1_141' title='bbox 225 2665 330 2747; x_wconf 83' lang='grc' dir='ltr'>λίγειν</span> <span class='ocrx_word' id='word_1_142' title='bbox 346 2664 495 2745; x_wconf 72' lang='grc' dir='ltr'>ἐγένοντο.</span> 
     </span>
    </p>
   </div>
   <div class='ocr_carea' id='block_1_9' title="bbox 226 2780 1377 3076">
    <p class='ocr_par' dir='ltr' id='par_1_9' title="bbox 226 2780 1377 3076">
     <span class='ocr_line' id='line_1_20' title="bbox 270 2780 1375 2866; baseline -0.005 -18"><span class='ocrx_word' id='word_1_143' title='bbox 270 2795 342 2850; x_wconf 83' lang='grc'><strong>198.</strong></span> <span class='ocrx_word' id='word_1_144' title='bbox 366 2781 415 2849; x_wconf 83' lang='lat' dir='ltr'>Of.</span> <span class='ocrx_word' id='word_1_145' title='bbox 438 2783 521 2847; x_wconf 76' lang='lat' dir='ltr'>Plat.</span> <span class='ocrx_word' id='word_1_146' title='bbox 550 2784 647 2866; x_wconf 74' lang='grc' dir='ltr'>θονρ.</span> <span class='ocrx_word' id='word_1_147' title='bbox 670 2781 798 2866; x_wconf 81' lang='lat' dir='ltr'>493A3</span> <span class='ocrx_word' id='word_1_148' title='bbox 834 2780 901 2846; x_wconf 84' lang='lat' dir='ltr'>Cic.</span> <span class='ocrx_word' id='word_1_149' title='bbox 923 2781 966 2846; x_wconf 81' lang='grc' dir='ltr'>ι’τι</span> <span class='ocrx_word' id='word_1_150' title='bbox 993 2780 1082 2847; x_wconf 77' lang='lat' dir='ltr'><strong><em>Verr.</em></strong></span> <span class='ocrx_word' id='word_1_151' title='bbox 1106 2781 1152 2846; x_wconf 78' lang='lat' dir='ltr'>iii.</span> <span class='ocrx_word' id='word_1_152' title='bbox 1177 2782 1207 2846; x_wconf 91' lang='lat'>8.</span> <span class='ocrx_word' id='word_1_153' title='bbox 1233 2802 1295 2861; x_wconf 83' lang='lat'>203</span> <span class='ocrx_word' id='word_1_154' title='bbox 1329 2784 1375 2847; x_wconf 84' lang='lat' dir='ltr'>iv.</span> 
     </span>
     <span class='ocr_line' id='line_1_21' title="bbox 226 2884 1377 2975; baseline -0.002 -23"><span class='ocrx_word' id='word_1_155' title='bbox 226 2909 278 2975; x_wconf 87' lang='lat'>43.</span> <span class='ocrx_word' id='word_1_156' title='bbox 296 2903 362 2970; x_wconf 78' lang='lat'>953</span> <span class='ocrx_word' id='word_1_157' title='bbox 396 2909 428 2951; x_wconf 86' lang='lat' dir='ltr'>v.</span> <span class='ocrx_word' id='word_1_158' title='bbox 450 2890 499 2952; x_wconf 89' lang='lat'>28.</span> <span class='ocrx_word' id='word_1_159' title='bbox 524 2903 583 2968; x_wconf 84' lang='lat'>713</span> <span class='ocrx_word' id='word_1_160' title='bbox 614 2886 683 2950; x_wconf 77' lang='lat' dir='ltr'><strong><em>div.</em></strong></span> <span class='ocrx_word' id='word_1_161' title='bbox 698 2885 741 2950; x_wconf 81' lang='grc' dir='ltr'>ιἰι</span> <span class='ocrx_word' id='word_1_162' title='bbox 756 2885 845 2950; x_wconf 77' lang='grc' dir='ltr'>Οοοο.</span> <span class='ocrx_word' id='word_1_163' title='bbox 862 2907 890 2969; x_wconf 87' lang='lat'>9.</span> <span class='ocrx_word' id='word_1_164' title='bbox 909 2887 971 2958; x_wconf 87' lang='lat'>28;</span> <span class='ocrx_word' id='word_1_165' title='bbox 1003 2885 1043 2949; x_wconf 83' lang='lat' dir='ltr'>de</span> <span class='ocrx_word' id='word_1_166' title='bbox 1059 2884 1149 2950; x_wconf 78' lang='lat' dir='ltr'><strong><em>Orat.</em></strong></span> <span class='ocrx_word' id='word_1_167' title='bbox 1171 2887 1204 2949; x_wconf 87' lang='lat' dir='ltr'>ii.</span> <span class='ocrx_word' id='word_1_168' title='bbox 1224 2903 1276 2971; x_wconf 90' lang='lat'>54.</span> <span class='ocrx_word' id='word_1_169' title='bbox 1295 2905 1377 2969; x_wconf 78' lang='lat'>2173</span> 
     </span>
     <span class='ocr_line' id='line_1_22' title="bbox 228 2988 1277 3076; baseline -0.003 -20"><span class='ocrx_word' id='word_1_170' title='bbox 228 2995 280 3076; x_wconf 88' lang='lat'>69.</span> <span class='ocrx_word' id='word_1_171' title='bbox 297 2991 369 3074; x_wconf 84' lang='lat'>278,</span> <span class='ocrx_word' id='word_1_172' title='bbox 387 2991 468 3069; x_wconf 81' lang='lat'><em>2803</em></span> <span class='ocrx_word' id='word_1_173' title='bbox 491 2989 584 3055; x_wconf 74' lang='grc' dir='ltr'>Τυοσ.</span> <span class='ocrx_word' id='word_1_174' title='bbox 601 2991 621 3052; x_wconf 92' lang='grc' dir='ltr'>ἰ.</span> <span class='ocrx_word' id='word_1_175' title='bbox 640 2989 668 3052; x_wconf 93' lang='lat'>8.</span> <span class='ocrx_word' id='word_1_176' title='bbox 688 3003 737 3071; x_wconf 84' lang='lat'>15.</span> <span class='ocrx_word' id='word_1_177' title='bbox 783 2989 925 3069; x_wconf 78' lang='lat' dir='ltr'><strong>Quintil.</strong></span> <span class='ocrx_word' id='word_1_178' title='bbox 942 2989 1027 3053; x_wconf 76' lang='grc' dir='ltr'>Ιιιυδ.</span> <span class='ocrx_word' id='word_1_179' title='bbox 1045 2988 1100 3056; x_wconf 78' lang='lat' dir='ltr'>Or.</span> <span class='ocrx_word' id='word_1_180' title='bbox 1117 2989 1162 3053; x_wconf 85' lang='lat' dir='ltr'>vi.</span> <span class='ocrx_word' id='word_1_181' title='bbox 1179 3010 1209 3074; x_wconf 80' lang='lat'>3.</span> <span class='ocrx_word' id='word_1_182' title='bbox 1225 3009 1277 3069; x_wconf 88' lang='lat'>41.</span> 
     </span>
    </p>
   </div>
   <div class='ocr_carea' id='block_1_10' title="bbox 468 3201 1136 3287">
    <p class='ocr_par' dir='ltr' id='par_1_10' title="bbox 468 3201 1136 3287">
     <span class='ocr_line' id='line_1_23' title="bbox 468 3201 1136 3287; baseline 0.004 -21"><span class='ocrx_word' id='word_1_183' title='bbox 468 3201 682 3287; x_wconf 71' lang='lat' dir='ltr'><em>Empedokles</em></span> <span class='ocrx_word' id='word_1_184' title='bbox 704 3204 777 3271; x_wconf 79' lang='lat' dir='ltr'>and</span> <span class='ocrx_word' id='word_1_185' title='bbox 799 3203 952 3270; x_wconf 68' lang='lat' dir='ltr'><em>sicilian</em></span> <span class='ocrx_word' id='word_1_186' title='bbox 973 3202 1136 3270; x_wconf 68' lang='lat' dir='ltr'><em>Rhetoriae.</em></span> 
     </span>
    </p>
   </div>
   <div class='ocr_carea' id='block_1_11' title="bbox 273 3334 879 3522">
    <p class='ocr_par' dir='ltr' id='par_1_11' title="bbox 273 3334 879 3522">
     <span class='ocr_line' id='line_1_24' title="bbox 273 3334 625 3400; baseline -0.009 -1"><span class='ocrx_word' id='word_1_187' title='bbox 273 3334 334 3400; x_wconf 86' lang='lat' dir='ltr'>See</span> <span class='ocrx_word' id='word_1_188' title='bbox 349 3334 454 3400; x_wconf 81' lang='lat' dir='ltr'>above</span> <span class='ocrx_word' id='word_1_189' title='bbox 470 3344 625 3400; x_wconf 70' lang='lat' dir='ltr'><strong>lvo-182.</strong></span> 
     </span>
     <span class='ocr_line' id='line_1_25' title="bbox 730 3435 879 3522; baseline -0.007 -21"><span class='ocrx_word' id='word_1_190' title='bbox 730 3435 879 3522; x_wconf 70' lang='grc' dir='ltr'>θονρτλιο.</span> 
     </span>
    </p>
   </div>
   <div class='ocr_carea' id='block_1_12' title="bbox 227 3574 1380 4588">
    <p class='ocr_par' dir='ltr' id='par_1_12' title="bbox 227 3574 1380 4482">
     <span class='ocr_line' id='line_1_26' title="bbox 273 3574 1378 3660; baseline 0.005 -21"><span class='ocrx_word' id='word_1_191' title='bbox 273 3586 346 3642; x_wconf 90' lang='grc'><strong>199.</strong></span> <span class='ocrx_word' id='word_1_192' title='bbox 370 3574 508 3640; x_wconf 83' lang='lat' dir='ltr'>Suidas:</span> <span class='ocrx_word' id='word_1_193' title='bbox 538 3576 674 3657; x_wconf 88' lang='grc' dir='ltr'>Γοργίας,</span> <span class='ocrx_word' id='word_1_194' title='bbox 697 3577 914 3655; x_wconf 87' lang='grc' dir='ltr'>Χαρμαντίδου,</span> <span class='ocrx_word' id='word_1_195' title='bbox 935 3581 1101 3655; x_wconf 81' lang='grc' dir='ltr'>Λεοντῖνος,</span> <span class='ocrx_word' id='word_1_196' title='bbox 1119 3575 1227 3660; x_wconf 79' lang='grc' dir='ltr'>ῥήτωρ,</span> <span class='ocrx_word' id='word_1_197' title='bbox 1244 3579 1378 3657; x_wconf 76' lang='grc' dir='ltr'>μαθητὴς</span> 
     </span>
     <span class='ocr_line' id='line_1_27' title="bbox 227 3676 1379 3762; baseline 0.005 -20"><span class='ocrx_word' id='word_1_198' title='bbox 227 3677 477 3760; x_wconf 71' lang='grc' dir='ltr'>Ἐμπεδοκλέους,</span> <span class='ocrx_word' id='word_1_199' title='bbox 504 3676 683 3743; x_wconf 87' lang='grc' dir='ltr'>διδάσκαλος</span> <span class='ocrx_word' id='word_1_200' title='bbox 712 3679 823 3741; x_wconf 80' lang='grc' dir='ltr'>Πώλου</span> <span class='ocrx_word' id='word_1_201' title='bbox 845 3676 1087 3761; x_wconf 86' lang='grc' dir='ltr'>Ἀκραγαντίνου,</span> <span class='ocrx_word' id='word_1_202' title='bbox 1116 3678 1163 3744; x_wconf 78' lang='grc' dir='ltr'>καὶ</span> <span class='ocrx_word' id='word_1_203' title='bbox 1186 3683 1379 3762; x_wconf 76' lang='grc' dir='ltr'>Περικλέους,</span> 
     </span>
     <span class='ocr_line' id='line_1_28' title="bbox 230 3779 1380 3863; baseline 0.002 -17"><span class='ocrx_word' id='word_1_204' title='bbox 230 3781 278 3847; x_wconf 77' lang='grc' dir='ltr'>καὶ</span> <span class='ocrx_word' id='word_1_205' title='bbox 292 3780 491 3862; x_wconf 82' lang='grc' dir='ltr'>Ἰσοκράτους,</span> <span class='ocrx_word' id='word_1_206' title='bbox 507 3782 556 3844; x_wconf 81' lang='grc' dir='ltr'>καὶ</span> <span class='ocrx_word' id='word_1_207' title='bbox 575 3779 812 3859; x_wconf 85' lang='grc' dir='ltr'>Ἀλκιδάμαντος</span> <span class='ocrx_word' id='word_1_208' title='bbox 833 3786 885 3844; x_wconf 79' lang='grc' dir='ltr'>τοῦ</span> <span class='ocrx_word' id='word_1_209' title='bbox 899 3781 1053 3846; x_wconf 85' lang='grc' dir='ltr'>Ἐλεάτου·</span> <span class='ocrx_word' id='word_1_210' title='bbox 1085 3782 1117 3849; x_wconf 93' lang='grc' dir='ltr'>δς</span> <span class='ocrx_word' id='word_1_211' title='bbox 1141 3784 1230 3847; x_wconf 76' lang='grc' dir='ltr'>αὐτοῦ</span> <span class='ocrx_word' id='word_1_212' title='bbox 1254 3781 1302 3848; x_wconf 78' lang='grc' dir='ltr'>καὶ</span> <span class='ocrx_word' id='word_1_213' title='bbox 1324 3784 1380 3863; x_wconf 79' lang='grc' dir='ltr'>την</span> 
     </span>
     <span class='ocr_line' id='line_1_29' title="bbox 231 3882 1379 3968; baseline 0.002 -18"><span class='ocrx_word' id='word_1_214' title='bbox 231 3886 351 3968; x_wconf 77' lang='grc' dir='ltr'>σχολὴν</span> <span class='ocrx_word' id='word_1_215' title='bbox 365 3882 527 3961; x_wconf 83' lang='grc' dir='ltr'>διεδέξατο·</span> <span class='ocrx_word' id='word_1_216' title='bbox 559 3885 693 3963; x_wconf 86' lang='grc' dir='ltr'>άδελφδς</span> <span class='ocrx_word' id='word_1_217' title='bbox 709 3887 741 3947; x_wconf 73' lang='grc' dir='ltr'>δὲ</span> <span class='ocrx_word' id='word_1_218' title='bbox 757 3882 794 3963; x_wconf 73' lang='grc' dir='ltr'>ἦν</span> <span class='ocrx_word' id='word_1_219' title='bbox 809 3889 861 3947; x_wconf 85' lang='grc' dir='ltr'>τοῦ</span> <span class='ocrx_word' id='word_1_220' title='bbox 877 3887 978 3966; x_wconf 79' lang='grc' dir='ltr'>ἰατροῦ</span> <span class='ocrx_word' id='word_1_221' title='bbox 992 3883 1161 3967; x_wconf 83' lang='grc' dir='ltr'>Ἡροδίκου.</span> <span class='ocrx_word' id='word_1_222' title='bbox 1207 3888 1379 3968; x_wconf 82' lang='grc' dir='ltr'>Πορφύριος</span> 
     </span>
     <span class='ocr_line' id='line_1_30' title="bbox 231 3983 1379 4072; baseline 0 -20"><span class='ocrx_word' id='word_1_223' title='bbox 231 3991 265 4053; x_wconf 74' lang='grc' dir='ltr'>δὲ</span> <span class='ocrx_word' id='word_1_224' title='bbox 281 3988 371 4051; x_wconf 80' lang='grc' dir='ltr'>αὐτὸν</span> <span class='ocrx_word' id='word_1_225' title='bbox 392 3988 441 4050; x_wconf 77' lang='grc' dir='ltr'>ἐπὶ</span> <span class='ocrx_word' id='word_1_226' title='bbox 462 3989 514 4063; x_wconf 78' lang='grc' dir='ltr'>τῆς</span> <span class='ocrx_word' id='word_1_227' title='bbox 537 3983 568 4048; x_wconf 84' lang='grc' dir='ltr'>π’</span> <span class='ocrx_word' id='word_1_228' title='bbox 587 3987 772 4064; x_wconf 86' lang='grc' dir='ltr'>ὀλυμπιάδος</span> <span class='ocrx_word' id='word_1_229' title='bbox 795 3988 921 4065; x_wconf 88' lang='grc' dir='ltr'>τίθησιν·</span> <span class='ocrx_word' id='word_1_230' title='bbox 955 3990 1038 4051; x_wconf 84' lang='grc' dir='ltr'>άλλδ</span> <span class='ocrx_word' id='word_1_231' title='bbox 1059 3991 1117 4072; x_wconf 77' lang='grc' dir='ltr'>χρὴ</span> <span class='ocrx_word' id='word_1_232' title='bbox 1141 3995 1221 4054; x_wconf 86' lang='grc' dir='ltr'>νοεῖν</span> <span class='ocrx_word' id='word_1_233' title='bbox 1241 3991 1379 4071; x_wconf 82' lang='grc' dir='ltr'>πρεσβύ-</span> 
     </span>
     <span class='ocr_line' id='line_1_31' title="bbox 230 4088 1379 4177; baseline 0.003 -21"><span class='ocrx_word' id='word_1_234' title='bbox 230 4116 317 4171; x_wconf 89' lang='grc' dir='ltr'>τερον</span> <span class='ocrx_word' id='word_1_235' title='bbox 342 4089 432 4154; x_wconf 79' lang='grc' dir='ltr'>αὐτόν</span> <span class='ocrx_word' id='word_1_236' title='bbox 457 4089 543 4152; x_wconf 84' lang='grc' dir='ltr'>εἶναι.</span> <span class='ocrx_word' id='word_1_237' title='bbox 588 4088 671 4154; x_wconf 79' lang='grc' dir='ltr'>οὗτος</span> <span class='ocrx_word' id='word_1_238' title='bbox 695 4097 812 4169; x_wconf 82' lang='grc' dir='ltr'>πρῶτος</span> <span class='ocrx_word' id='word_1_239' title='bbox 839 4091 879 4174; x_wconf 77' lang='grc' dir='ltr'>τῷ</span> <span class='ocrx_word' id='word_1_240' title='bbox 901 4092 1047 4177; x_wconf 71' lang='grc' dir='ltr'>ῥητορικῷ</span> <span class='ocrx_word' id='word_1_241' title='bbox 1069 4095 1142 4158; x_wconf 88' lang='grc' dir='ltr'>είδει</span> <span class='ocrx_word' id='word_1_242' title='bbox 1164 4097 1217 4171; x_wconf 78' lang='grc' dir='ltr'>τῆς</span> <span class='ocrx_word' id='word_1_243' title='bbox 1243 4095 1379 4160; x_wconf 87' lang='grc' dir='ltr'>παιδείας</span> 
     </span>
     <span class='ocr_line' id='line_1_32' title="bbox 231 4188 1379 4277; baseline 0.003 -19"><span class='ocrx_word' id='word_1_244' title='bbox 231 4193 357 4269; x_wconf 83' lang='grc' dir='ltr'>δύναμίν</span> <span class='ocrx_word' id='word_1_245' title='bbox 370 4217 403 4256; x_wconf 92' lang='grc' dir='ltr'>τε</span> <span class='ocrx_word' id='word_1_246' title='bbox 419 4190 591 4273; x_wconf 77' lang='grc' dir='ltr'>φραστικῆν</span> <span class='ocrx_word' id='word_1_247' title='bbox 607 4188 655 4254; x_wconf 79' lang='grc' dir='ltr'>καί</span> <span class='ocrx_word' id='word_1_248' title='bbox 673 4191 785 4275; x_wconf 80' lang='grc' dir='ltr'>τέχνην</span> <span class='ocrx_word' id='word_1_249' title='bbox 805 4194 905 4272; x_wconf 84' lang='grc' dir='ltr'>ἔδωκε,</span> <span class='ocrx_word' id='word_1_250' title='bbox 922 4200 1046 4274; x_wconf 86' lang='grc' dir='ltr'>τροπαῖς</span> <span class='ocrx_word' id='word_1_251' title='bbox 1067 4220 1099 4260; x_wconf 90' lang='grc' dir='ltr'>τε</span> <span class='ocrx_word' id='word_1_252' title='bbox 1122 4194 1170 4260; x_wconf 78' lang='grc' dir='ltr'>καὶ</span> <span class='ocrx_word' id='word_1_253' title='bbox 1184 4201 1379 4277; x_wconf 82' lang='grc' dir='ltr'>μεταφοραῖς,</span> 
     </span>
     <span class='ocr_line' id='line_1_33' title="bbox 233 4292 1380 4378; baseline 0.006 -19"><span class='ocrx_word' id='word_1_254' title='bbox 233 4292 281 4360; x_wconf 77' lang='grc' dir='ltr'>καλ</span> <span class='ocrx_word' id='word_1_255' title='bbox 303 4296 501 4375; x_wconf 76' lang='grc' dir='ltr'>ἀλληγορίαις</span> <span class='ocrx_word' id='word_1_256' title='bbox 524 4302 608 4358; x_wconf 93' lang='grc' dir='ltr'>κ.τ.λ.</span> <span class='ocrx_word' id='word_1_257' title='bbox 630 4342 685 4360; x_wconf 93' lang='grc'>...</span> <span class='ocrx_word' id='word_1_258' title='bbox 710 4296 837 4376; x_wconf 84' lang='grc' dir='ltr'>ἔπραττε</span> <span class='ocrx_word' id='word_1_259' title='bbox 857 4297 889 4360; x_wconf 72' lang='grc' dir='ltr'>δὲ</span> <span class='ocrx_word' id='word_1_260' title='bbox 912 4302 971 4360; x_wconf 79' lang='grc' dir='ltr'>τῶν</span> <span class='ocrx_word' id='word_1_261' title='bbox 990 4303 1131 4378; x_wconf 82' lang='grc' dir='ltr'>μαθητῶν</span> <span class='ocrx_word' id='word_1_262' title='bbox 1152 4300 1282 4365; x_wconf 82' lang='grc' dir='ltr'>ἕκαστον</span> <span class='ocrx_word' id='word_1_263' title='bbox 1303 4303 1380 4377; x_wconf 83' lang='grc' dir='ltr'>μνᾶς</span> 
     </span>
     <span class='ocr_line' id='line_1_34' title="bbox 231 4395 978 4482; baseline 0.001 -20"><span class='ocrx_word' id='word_1_264' title='bbox 231 4397 269 4482; x_wconf 83' lang='grc' dir='ltr'>ρ’.</span> <span class='ocrx_word' id='word_1_265' title='bbox 292 4399 369 4478; x_wconf 69' lang='grc' dir='ltr'>ἐβίω</span> <span class='ocrx_word' id='word_1_266' title='bbox 384 4399 417 4463; x_wconf 72' lang='grc' dir='ltr'>δὲ</span> <span class='ocrx_word' id='word_1_267' title='bbox 433 4398 483 4476; x_wconf 81' lang='grc' dir='ltr'>ἔτη</span> <span class='ocrx_word' id='word_1_268' title='bbox 499 4395 555 4479; x_wconf 83' lang='grc' dir='ltr'>ρθ’,</span> <span class='ocrx_word' id='word_1_269' title='bbox 572 4399 620 4461; x_wconf 75' lang='grc' dir='ltr'>καὶ</span> <span class='ocrx_word' id='word_1_270' title='bbox 636 4397 848 4480; x_wconf 81' lang='grc' dir='ltr'>συνεγράφατο</span> <span class='ocrx_word' id='word_1_271' title='bbox 865 4399 978 4463; x_wconf 89' lang='grc' dir='ltr'>πολλά.</span> 
     </span>
    </p>

    <p class='ocr_par' dir='ltr' id='par_1_13' title="bbox 275 4499 966 4588">
     <span class='ocr_line' id='line_1_35' title="bbox 275 4499 966 4588; baseline -0.001 -22"><span class='ocrx_word' id='word_1_272' title='bbox 275 4500 374 4588; x_wconf 85' lang='lat' dir='ltr'>Diog.</span> <span class='ocrx_word' id='word_1_273' title='bbox 390 4499 497 4567; x_wconf 76' lang='lat' dir='ltr'>Laert.</span> <span class='ocrx_word' id='word_1_274' title='bbox 515 4499 586 4566; x_wconf 84' lang='lat' dir='ltr'>viii.</span> <span class='ocrx_word' id='word_1_275' title='bbox 598 4499 651 4583; x_wconf 85' lang='lat'>58.</span> <span class='ocrx_word' id='word_1_276' title='bbox 696 4499 758 4566; x_wconf 82' lang='lat' dir='ltr'>See</span> <span class='ocrx_word' id='word_1_277' title='bbox 771 4501 879 4567; x_wconf 82' lang='lat' dir='ltr'>above</span> <span class='ocrx_word' id='word_1_278' title='bbox 894 4512 966 4568; x_wconf 82' lang='grc'><strong>179.</strong></span> 
     </span>
    </p>
   </div>
   <div class='ocr_carea' id='block_1_13' title="bbox 0 0 1517 5046">
    <p class='ocr_par' dir='ltr' id='par_1_14' title="bbox 0 0 1517 5046">
     <span class='ocr_line' id='line_1_36' title="bbox 0 0 1517 5046; baseline 0 0"><span class='ocrx_word' id='word_1_279' title='bbox 0 0 1517 5046; x_wconf 95' lang='lat' dir='ltr'> </span> 
     </span>
    </p>
   </div>
  </div>
 </body>
</html>
