3000 5046
209 373 269 435 174
554 361 641 420 THE
659 361 894 421 ΑτΗῑΝιΑν
918 362 1022 422 cm.
1233 373 1294 440 [σι
1307 376 1358 423 1v.

208 558 322 639 ἀπάτης
338 559 384 638 ἦν·
408 560 535 640 ἀφίκετο
550 559 742 641 πρεσβευτὴς
758 560 807 623 καὶ
823 557 860 639 ῆν
882 559 957 641 πρὸς
978 559 1047 627 τοὺς
1067 558 1212 629 Λάκωνας
1227 560 1358 643 ἐξαρνος,

208 661 227 743 ἤ
249 664 309 744 μην
332 664 385 728 οὐκ
409 666 580 745 ἐγερεῖσθαι
604 668 641 727 τδ
661 668 771 746 τεῖχος.
817 665 871 728 “εί
894 666 927 728 δέ
950 665 1115 743 ἀπιστεῖτε,
1129 664 1198 733 τοὺς
1218 667 1358 748 ἀρίστους

207 767 385 849 ἐκπέμψατε
400 768 608 834 κατασκόπους
619 768 672 848 ἐμέ
684 766 917 852 κατασχόντες.”
962 771 992 834 οἱ
1006 773 1062 848 μάν
1082 769 1235 851 ἐτεμψαν·
1261 774 1357 848 Θεμι·

207 873 340 950 στοκλῆς
354 875 387 936 δέ
401 871 500 952 κρύφα
515 870 639 953 τέμψας
648 872 819 937 ἐνετείλατο
833 868 1005 949 ’Λθηναίοις
1022 872 1160 956 κατέχειν
1175 873 1244 940 τοὺς
1267 899 1356 937 κατα·

207 976 347 1053 σκότους,
363 974 427 1038 ἐστ’
441 973 480 1040 ἀν
493 976 634 1058 ἐγείρωσι
649 981 684 1040 τδ
699 980 807 1058 τεῖχος·
823 977 946 1041 ἐπειδάν
957 980 992 1043 δέ
1002 977 1150 1058 ἐγείρωσι,
1159 977 1199 1057 μῆ
1212 979 1358 1058 πρότερον

207 1077 316 1145 αὐτοὺς
339 1077 539 1159 ἀποπέμπειν,
558 1082 586 1146 εί
608 1079 649 1160 μῆ
675 1080 810 1161 πρόσθεν
835 1080 926 1143 αότδν
952 1078 1151 1160 ἀπολάβοιεν.
1189 1078 1238 1145 καὶ
1263 1085 1356 1145 ταῦτα

207 1183 300 1251 ούτως
340 1181 469 1264 ἐγένετο.
525 1182 640 1266 ἠγέρθη
664 1183 699 1248 τὸ
728 1187 839 1267 τεῖχος,
869 1180 918 1247 καὶ
950 1185 1103 1263 ἐπανῆλθε
1133 1186 1355 1263 Θεμιστοκλῆς.

207 1288 402 1367 ἀπεδόθησαν
431 1289 461 1351 οί
486 1285 683 1367 κατάσκοποι,
713 1288 928 1372 ἐτειχίσθησαν
956 1287 1081 1366 ’Λθῆναι
1114 1289 1356 1368 Λακεδαιμονίων

207 1391 350 1455 ἀκόντων.

254 1531 285 1584 6.
309 1516 443 1611 [An‘st]
460 1519 554 1605 Reep.
571 1518 649 1585 Am.
667 1538 718 1606 23.

250 1669 280 1725 7.
302 1658 492 1724 Aristoda.
509 1678 522 1722 1
541 1656 592 1746 (F.
608 1657 653 1722 Η.
673 1657 710 1724 G.
726 1680 759 1723 v.
775 1678 807 1744 p.
826 1655 876 1744 7):
901 1657 985 1725 Κατά
1000 1662 1033 1723 δέ
1051 1662 1158 1723 τοῦτον
1175 1662 1227 1722 τδν
1244 1659 1355 1741 χρόνον

204 1760 370 1842 Ἀθηναῖοι,
389 1761 639 1844 ἐμπεπρησμένης
660 1762 758 1828 αύτῶν
775 1765 828 1842 τῆς
848 1762 967 1829 πόλεως
990 1764 1049 1827 ύπδ
1068 1759 1183 1842 Ξέρξου
1203 1759 1252 1827 καί
1267 1765 1354 1843 Μαρ-

205 1867 318 1945 δονίου,
347 1865 547 1945 ἐβουλεύοντο
577 1868 719 1952 τειχίζειν
754 1865 853 1945 αύτήν.
899 1868 929 1930 οί
965 1870 997 1932 δὲ
1034 1866 1265 1947 Λακεδαιμόνιοι
1301 1866 1353 1930 οὐκ

206 1969 368 2053 ἐπέτρεπον
392 1970 500 2049 αὐτοῖς,
525 1973 682 2054 πρόφασιν
705 1972 761 2051 μέν
786 1969 956 2048 ποιούμενοι
986 1968 1166 2051 δρμητῆριον
1197 1969 1275 2034 εἶναι
1300 1971 1354 2036 τὰς

204 2073 335 2154 Ἀθήνας
350 2080 410 2140 τῶν
432 2074 638 2140 ἐπιπλεόντων
659 2074 834 2156 βαρβάρων,
855 2073 890 2139 τὸ
912 2076 945 2138 δέ
967 2074 1078 2152 ἀληθές
1100 2077 1283 2153 φθονοῦντες
1305 2070 1353 2137 καὶ

203 2177 244 2259 μῆ
274 2180 458 2259 βουλόμενοι
490 2177 585 2243 πάλιν
621 2176 796 2258 αὐξηθῆναι
855 2178 872 2240 ό
909 2178 942 2242 δέ
981 2181 1195 2258 Θεμιστοκλῆς
1231 2178 1352 2242 συνέσει

204 2281 357 2365 διαφέρων
374 2279 657 2365 κατεστρατήγησεν
670 2281 768 2346 αὐτῶν
783 2280 836 2346 τόν
857 2282 982 2363 φθόνον.
1026 2277 1075 2367 (2)
1097 2279 1353 2364 ἐγκελευσάμενος

204 2384 263 2468 γάρ
278 2389 340 2452 τοῖς
354 2382 526 2463 ’Λθηναίοις
548 2385 689 2467 τειχίζειν
710 2385 764 2464 τὴν
787 2385 889 2463 τόλιν,
903 2384 998 2471 ᾤχετο
1021 2386 1064 2452 είς
1087 2384 1298 2465 Λακεδαίμονα
1313 2382 1352 2451 ὦς

205 2489 393 2570 πρεσβεύων.
438 2490 539 2569 λόγων
565 2513 598 2553 τε
622 2488 809 2572 γιγνομένων
832 2492 914 2570 παρὰ
943 2493 1005 2556 τοῖς
1034 2490 1278 2568 Λακεδαιμονίοις
1306 2490 1352 2551 ότι

205 2591 359 2670 Ἀθηναῖοι
383 2591 549 2673 τειχίζουσι
572 2593 628 2672 τῆν
652 2593 752 2669 τόλιν,
768 2590 932 2674 ἀντέλεγεν
952 2593 1174 2671 Θεμιστοκλῆς·
1196 2592 1236 2657 ὥς
1251 2616 1283 2655 τε
1299 2591 1352 2654 οὐκ

206 2696 366 2760 ἐπίστευον
388 2696 418 2758 οί
441 2695 681 2774 Λακεδαιμόνιοι,
697 2694 821 2760 ἔπεισεν
843 2693 950 2762 αύτούς
971 2692 1119 2777 πρέσβεις
1134 2692 1251 2777 πέμψω
1269 2693 1352 2759 τινάς

204 2795 241 2876 ἐξ
263 2797 360 2862 αὐτῶν
383 2799 426 2865 είς
447 2801 501 2865 τάς
524 2796 656 2877 ’Λθῆνας
679 2797 748 2865 τοὺς
771 2797 981 2880 γνωσομένους
1004 2799 1033 2862 εί
1059 2798 1187 2875 κτίζοιτο
1208 2796 1227 2876 ῆ
1251 2798 1350 2863 πόλις.

203 2907 263 2965 τῶν
280 2901 314 2965 δέ
328 2902 569 2978 Λακεδαιμονίων
584 2900 735 2981 ἑλομένων
749 2900 858 2983 ἀνδρας
873 2900 921 2965 καὶ
932 2899 1126 2983 πεμψάντων,
1140 2904 1352 2982 Θεμιστοκλῆς

203 3005 303 3086 κρύφα
317 3006 474 3083 ὑπέπεμπε
488 3011 549 3071 τοῖς
563 3002 736 3084 ’Λθηναίοις
752 3005 890 3089 κατέχειν
901 3004 971 3086 παρ’
983 3007 1099 3071 ἑαυτοῖς
1114 3003 1183 3070 τοὺς
1198 3006 1351 3069 ἀπεσταλ-

202 3105 310 3185 μένους
325 3113 385 3173 τῶν
408 3108 652 3187 Λακεδαιμονίων
675 3108 794 3185 ἄνδρας,
810 3108 866 3174 ἐως
881 3106 918 3173 ἀν
938 3106 1026 3174 αύτδς
1042 3105 1222 3192 ὑποστρέψῃ
1238 3109 1282 3175 είς
1298 3110 1351 3173 τὰς

201 3207 340 3291 Ἀθήνας.
385 3207 435 3296 (3)
456 3209 633 3293 πραξάντων
654 3214 687 3276 δέ
702 3215 790 3275 τοῦτο
805 3215 865 3276 τόν
878 3209 1057 3291 ’Λθηναίων,
1072 3213 1104 3276 οἱ
1118 3213 1349 3292 Λακεδαιμόνιοι

201 3315 377 3393 αἰσθόμενοι
401 3314 456 3394 τῆν
477 3314 593 3394 ἀπάτην
614 3316 866 3395 Θεμιστοκλέους,
882 3315 968 3382 οὐδὲν
983 3314 1122 3379 διέθεσαν
1137 3314 1227 3380 αύτὸν
1241 3316 1349 3387 δεινόν,

200 3420 366 3485 δεδοικότες
392 3416 543 3499 περὶτῶν
567 3417 657 3492 ἰδίων,
679 3417 750 3481 ἀλλ’
777 3419 940 3486 ἀποδόντες
964 3418 1053 3483 αύτδν
1078 3419 1258 3500 ἐκομίσαντο
1282 3418 1350 3487 τοὺς

201 3522 302 3589 ίδίους.
346 3518 396 3607 (4)
416 3523 449 3586 ἐν
472 3525 504 3587 δέ
527 3518 570 3607 τηί
593 3519 707 3600 μεταξὺ
732 3522 832 3607 χρόνῳ
858 3523 1075 3607 ἐτειχίσθησαν
1098 3525 1131 3588 αἱ
1153 3520 1279 3602 ’Λθῆναι
1298 3527 1351 3587 τδν

201 3626 312 3706 τρόπον
337 3630 453 3690 τοῦτον.
498 3626 515 3688 ό
544 3626 601 3705 μὲν
628 3630 682 3688 τοῦ
708 3625 817 3692 ἀστεος
847 3627 1013 3706 περίβολος
1043 3624 1189 3705 ἐξήκοντα
1218 3627 1350 3690 σταδίων

200 3729 366 3812 ἐτειχίσθη,
382 3731 419 3791 τὰ
434 3732 467 3795 δέ
487 3730 585 3810 μακρά
603 3728 690 3810 τείχη
711 3726 841 3810 φέροντα
861 3730 912 3793 ἐπὶ
929 3734 982 3794 τδν
1004 3733 1134 3811 Πειραιᾶ
1156 3727 1192 3808 ἐξ
1212 3731 1349 3809 ἐκατέρου

199 3830 307 3912 μέρους
322 3834 453 3897 σταδίων
465 3829 505 3911 μ’,
522 3833 539 3895 ό
559 3836 593 3896 δὲ
614 3835 667 3895 τοῦ
690 3837 839 3913 Πειραιῶς
861 3833 1027 3914 περίβολος
1051 3833 1183 3897 σταδίων
1205 3830 1237 3896 π’
1251 3830 1350 3920 (ἐστιν

201 3938 233 4000 δέ
250 3937 267 3999 ά
282 3934 441 4016 Πειραιεὺς
455 3935 548 4016 λιμὴν
563 3937 606 4002 είς
621 3934 674 4000 δύο
689 3936 876 4022 διῃρημένος,
893 3937 1033 4015 κέκληται
1047 3939 1080 4002 δέ
1096 3937 1185 4002 αὐτοῦ
1200 3942 1235 4002 τδ
1249 3936 1306 4019 μέν
1320 3963 1349 4002 τι

199 4038 289 4120 μέρος
299 4039 483 4121 Μουνουχίο,
495 4037 534 4103 τά
544 4037 628 4117 δεξιδ
637 4042 670 4103 δέ
683 4039 758 4121 άκρα
770 4044 822 4103 τοῦ
832 4038 999 4121 Πειραιέως
1007 4039 1186 4106 Ἠετιόνεια
1202 4045 1347 4105 καλεῖται·

200 4143 292 4226 όχθος
307 4140 341 4205 δέ
356 4144 441 4208 ἐστιν
456 4144 488 4208 ἐν
505 4147 649 4222 Πειραιεῖ,
659 4142 710 4226 ἐφ’
725 4141 759 4206 ού
771 4143 806 4207 τδ
820 4145 872 4221 τῆς
885 4139 1059 4226 ’Λρτέμιδος
1071 4143 1151 4225 ἱερὸν
1160 4139 1297 4230 ἵδρυται)
1313 4145 1349 4208 τὸ

200 4247 232 4309 δέ
248 4249 421 4327 Φαληρικὸν
434 4251 537 4330 τεῖχος
552 4247 675 4326 ἐκτίσθη
692 4247 822 4312 σταδίων
836 4245 878 4309 λ’·
906 4246 1006 4311 πλατὺ
1020 4250 1052 4311 δὲ
1069 4249 1150 4312 ὥστε
1164 4247 1216 4312 δύο
1231 4246 1349 4329 άρματα

199 4344 348 4427 ἀλλήλοις
361 4354 520 4415 συναντᾶν.
553 4349 631 4430 καὶῆ
646 4353 702 4428 μέν
717 4355 778 4417 τῶν
787 4350 954 4429 ’Λθηναίων
968 4351 1059 4418 πόλις
1074 4351 1168 4418 ούτως
1183 4351 1347 4435 ἐτειχίσθη.

243 4502 277 4559 ⁸.
297 4489 468 4562 Demosth.
500 4515 541 4565 20
573 4495 617 4563 ιὐι
641 4494 731 4582 kept.
758 4509 814 4583 73:
845 4496 999 4582 Λέγεται.
1015 4545 1023 4563 .
1041 4544 1049 4563 .
1065 4499 1179 4564 ἐκεῖνος
1205 4496 1348 4581 τειχίζειν
