3000 5046
194 357 256 435 316
509 355 595 415 THE
623 355 833 414 WESTERN
858 355 1036 415 GREEKS.
1183 367 1250 434 [Oh.
1263 370 1355 418 vm.

195 558 373 638 κατηγορεῖν
388 557 525 638 ε’πειρᾶτο
540 558 748 634 νεωτερισμοῦ·
771 551 820 617 καὶ
835 554 911 617 ούτω
926 559 979 616 τὸν
995 553 1127 634 Θήρωνα
1141 557 1356 638 ὑπεραγανακ-

196 657 332 738 τήσαντα
353 658 498 742 θυγατρὸς
518 660 579 736 άμα
598 655 647 722 καὶ
667 663 805 740 γαμβροῦ
824 655 968 739 σνρρήξαι
986 664 1061 740 πρὸς
1075 655 1198 741 Ἱέρωνα
1214 660 1356 740 πόλεμον

197 760 278 845 παρά
302 763 404 847 Γέλλη
421 764 461 848 τῷ
476 760 679 847 Σικελιωτικῷ
692 761 827 847 ποταμῷ,
846 762 881 825 οῦ
899 763 1099 846 Καλλίμαχος
1119 764 1277 843 μέμνηται·
1309 764 1353 827 Οἱ

197 869 230 931 δὲ
246 866 328 953 Γέλᾳ
344 866 468 952 ποταμῷ
482 868 672 946 ἐπικείμενον
683 866 759 930 άστυ
777 862 842 951 (fr.
857 867 918 950 361
938 864 1143 953 Schneider).
1180 865 1223 947 μή
1238 894 1276 950 γε
1291 868 1355 948 μὴν

197 972 240 1038 είς
254 971 384 1053 βλάβην
397 977 472 1052 μηδὲ
488 974 532 1039 είς
547 971 636 1038 τέλος
651 973 845 1053 προχωρῆσαι
861 974 914 1033 τδν
928 970 1074 1050 πόλεμον.
1111 969 1191 1053 φασὶ
1208 974 1266 1052 γάρ
1281 972 1355 1036 τότε

198 1078 367 1155 Σιμωνίδην
391 1076 444 1142 τὸν
469 1081 592 1157 λυρικδν
615 1075 814 1159 περιτυχόντα
839 1077 981 1138 διαλῦσαι
1007 1079 1071 1140 τοῖς
1097 1079 1269 1155 βασιλεῦσι
1297 1075 1354 1154 τήν

197 1179 321 1263 έχθραν.
347 1226 355 1242 .
380 1224 389 1242 .
417 1226 425 1243 .
476 1180 502 1264 ῷ.
530 1178 729 1261 Δεινομένους
754 1182 858 1245 παῖδες
881 1176 907 1242 δ’
930 1177 1080 1258 ἐγένοντο,
1104 1177 1215 1261 Γέλων,
1240 1175 1354 1258 Ἱέρων,

198 1284 386 1363 Πολύζηλος,
396 1283 629 1366 Θρασύβουλος.
657 1283 804 1364 κηδεστής
818 1285 851 1347 δὲ
865 1282 984 1365 ἐγένετο
1000 1283 1109 1364 Θήρων
1125 1288 1165 1367 τῷ
1177 1282 1353 1368 Πολυζήλιρ

198 1385 247 1452 καὶ
263 1388 303 1472 τῷ
315 1387 439 1452 Γέλωνι.
469 1394 617 1472 γαμβρῶν
633 1387 686 1452 οῦν
700 1387 871 1470 γεγονότων
885 1386 992 1464 οῦτῶν,
1003 1382 1105 1466 Ἱέρων
1116 1392 1256 1467 λαμπροῦ
1267 1412 1353 1455 τινος

198 1495 251 1555 τοῦ
267 1490 448 1570 Πολυζήλου
462 1491 651 1576 ὑπάρχοντος
666 1488 715 1554 καὶ
732 1491 854 1572 σφόδρα
871 1489 950 1570 παρά
968 1495 1032 1556 τοῖς
1047 1493 1217 1557 Σικελικοῖς
1234 1490 1352 1554 εῦδοκι·

197 1599 333 1674 μοῦντος,
348 1594 408 1660 ύπά
423 1596 540 1676 φθόνου
558 1600 592 1659 τδ
612 1595 668 1676 μέν
686 1599 804 1677 πρῶτον
823 1596 866 1661 είς
886 1595 1063 1675 ἀνοικισμὸν
1083 1595 1173 1659 αῦτὸν
1188 1593 1354 1676 Συβάρεως

198 1697 361 1782 ἐξέπεμψε,
382 1699 424 1782 τῷ
446 1700 502 1779 μέν
523 1701 606 1785 λόγῳ
629 1698 763 1782 χρηστήν
786 1697 865 1783 αύτῷ
885 1699 934 1761 καὶ
957 1704 1099 1779 λαμπρὰν
1121 1698 1232 1762 ἐλπίδα
1248 1698 1354 1774 τιθείς,

199 1807 261 1870 τοῖς
276 1804 309 1868 δὲ
325 1803 425 1885 ἔργοις
438 1806 591 1884 μεταστάς
606 1801 698 1868 αὐτὸν
713 1804 745 1866 ἐκ
761 1804 812 1880 τῆς
827 1801 976 1868 Σικελίας.
1013 1799 1091 1867 Vet.
1135 1798 1267 1882 Ἱστορία
1282 1798 1353 1882 περὶ

198 1914 259 1970 τῶν
281 1905 498 1990 πεπραγμένων
521 1905 666 1990 Θήρωνος
688 1908 736 1971 καὶ
756 1904 902 1988 Ἱέρωνος.
947 1903 1059 1988 Θήρων·
1081 1905 1168 1973 οῦτος
1183 1902 1354 1988 Ἀκραγαν-

198 2010 288 2076 τίνων
313 2010 490 2090 βασιλεύων
520 2008 633 2075 Γέλωνι
662 2011 703 2095 τῷ
729 2007 864 2088 Ἱέρωνος
890 2009 1015 2093 ἀδελφῷ
1041 2008 1241 2089 ἐπιτηδεύσας
1263 2008 1352 2094 γάμῳ

199 2113 344 2179 συνάπτει
366 2114 422 2194 τήν
442 2115 532 2178 αὑτοῦ
555 2113 703 2197 θυγατέρα
725 2113 913 2197 Δημαρέτην.
957 2117 1009 2177 τοῦ
1030 2117 1063 2178 δὲ
1090 2115 1227 2180 Γέλωνος
1247 2120 1353 2177 τελεο-

199 2216 346 2297 τήσαντος
362 2218 541 2298 Πολύζηλος
556 2218 718 2300 ὁάδελφὸς
734 2219 823 2283 αὐτοῦ
838 2219 893 2296 τήν
903 2218 1070 2295 βασιλείαν
1086 2214 1134 2281 καὶ
1149 2217 1204 2297 τὴν
1217 2218 1354 2299 γαμετήν

200 2322 289 2387 αὐτοῦ
311 2321 492 2405 διαδέχεται.
536 2324 663 2406 λαμπρῷ
688 2323 722 2387 δέ
744 2323 807 2386 ὄντι
831 2321 908 2405 αὐτῷ
932 2324 1009 2385 κατά
1025 2322 1081 2399 τήν
1097 2322 1240 2386 Σικελίαν
1254 2317 1354 2403 Ἱέρων

200 2426 366 2507 όάδελφὸς
381 2423 539 2505 φθονήσας
557 2423 607 2490 καὶ
626 2425 896 2508 προφασισάμενος
911 2425 963 2490 τὸν
979 2425 1053 2507 πρδς
1068 2425 1241 2507 Συβαρίτας
1257 2425 1353 2489 πόλε·

199 2555 265 2610 μον,
281 2527 382 2612 έξάγει
409 2532 515 2594 τοῦτον
539 2533 593 2608 τῆς
620 2530 721 2608 νήσου.
771 2530 1001 2611 κατωρθωκότος
1022 2529 1077 2593 οῦν
1099 2526 1148 2593 καὶ
1170 2533 1277 2594 τοῦτον
1299 2528 1354 2593 τὸν

200 2632 333 2712 πόλεμον
354 2630 545 2711 Πολυζήλου,
562 2635 578 2696 ό
596 2630 700 2713 Ἱέρων
719 2635 770 2699 οὐκ
792 2634 872 2716 ἐχων
887 2633 904 2696 ό
920 2658 949 2698 τι
969 2630 1016 2697 καὶ
1031 2631 1157 2716 γένοιτο,
1174 2638 1247 2714 πρδς
1263 2632 1354 2696 αύτδν

201 2737 341 2817 ἐπειράτο
368 2737 561 2817 νεωτερίζειν.
606 2738 716 2818 Θήρων
739 2738 792 2802 οῦν
814 2736 1099 2818 ὑπεραγανακτήσας
1122 2741 1268 2818 θυγατρός
1290 2736 1353 2816 ἀμα

200 2835 248 2903 καὶ
266 2844 405 2922 γαμβροῦ
425 2839 554 2919 συνάξαι
572 2845 645 2923 πρδς
664 2839 786 2923 Ἱέρωνα
808 2840 954 2921 ἐβούλετο
976 2842 1119 2920 πόλεμον,
1135 2839 1171 2904 δν
1186 2839 1354 2920 Σιμωνίδης

201 2943 354 3025 όλυρικάς
370 2943 534 3008 καταπαύει
549 2944 726 3024 διαλλάξας,
742 2948 781 3012 ὧς
798 2943 847 3009 καὶ
869 2945 988 3022 κηδείαν
1006 2950 1077 3026 πρὸς
1097 2943 1253 3024 ἀλλήλους
1267 2942 1354 3023 ποιή-

203 3052 327 3122 σασθαι,
341 3044 478 3129 Ἱέρωνος
494 3048 647 3128 λαβόντος
662 3048 717 3127 τήν
732 3053 784 3112 τοῦ
801 3047 944 3132 Θήρωνος
959 3049 1105 3130 ἀδελφήν.
1150 3046 1228 3113 Ree.

244 3147 342 3214 Diod.
358 3149 406 3214 xi.
422 3150 474 3228 48.
490 3170 519 3235 3.
566 3149 625 3216 See
641 3151 746 3217 above
760 3161 828 3217 111.
844 3162 915 3217 341.

574 3336 638 3405 The
660 3338 808 3405 Himera
829 3339 983 3425 Episode.

245 3478 300 3533 39.
322 3466 421 3533 Diod.
436 3467 482 3533 xi.
497 3469 551 3548 48.
566 3469 587 3530 6
598 3491 606 3532 ι
638 3471 726 3533 Μετά
748 3470 781 3534 δέ
802 3474 894 3533 ταῦτα
917 3471 1111 3550 Θρασυδαίου
1133 3475 1186 3533 τοῦ
1209 3467 1354 3551 Θήρωνος

202 3573 435 3640 έπιστατοῦντος
452 3577 505 3652 τῆς
522 3579 582 3639 τῶν
595 3571 753 3655 Ἱμεραίων
767 3574 886 3640 πόλεως
907 3573 1075 3656 βαρύτερον
1094 3578 1145 3638 τοῦ
1162 3572 1353 3652 καθήκοντος,

202 3678 318 3757 συνέβη
342 3676 410 3743 τοὺς
428 3677 594 3760 Ἱμεραίους
616 3679 899 3758 ἀπαλλοτριωθῆναι
921 3685 1078 3745 παντελῶς
1094 3677 1145 3742 ἀπ’
1161 3679 1260 3742 αὐτοῦ.
1304 3673 1354 3764 (7)

202 3786 276 3863 πρὸς
289 3784 347 3860 μὲν
361 3782 415 3847 οῦν
429 3782 482 3849 τάν
496 3783 610 3864 πατέρα
624 3781 807 3863 πορεύεσθαί
821 3805 854 3846 τε
872 3779 921 3846 καὶ
937 3787 1112 3864 κατηγορεῖν
1128 3782 1354 3864 ἀπεδοκίμαζον,

203 3885 372 3962 νομίζοντες
388 3885 444 3969 οὐχ
463 3883 543 3965 ἐξειν
564 3888 633 3951 ίσον
656 3886 815 3965 ἀκουστήν·
860 3892 935 3968 πρὸς
954 3889 988 3952 δὲ
1003 3892 1056 3950 τὸν
1069 3884 1191 3966 Ἱέρωνα
1206 3886 1355 3967 πρέσβεις

203 3986 390 4052 ἀπέστειλαν
412 3994 644 4071 κατηγοροῦντες
661 3995 714 4053 τοῦ
730 3991 922 4072 Θρασυδαίου
945 3987 993 4055 καί
1017 3991 1278 4073 ἐπαγγελλόμενοι
1299 3988 1355 4069 τήν

203 4116 236 4155 τε
265 4091 358 4156 πόλιν
388 4093 492 4179 έκείνερ
522 4092 714 4175 παροδεύσειν
744 4095 793 4159 καὶ
823 4093 1081 4173 συνεπιθήσεσθαι
1111 4099 1174 4160 τοῖς
1204 4092 1272 4174 περὶ
1302 4094 1355 4158 τὸν

204 4192 345 4276 Θήρωνα.
389 4192 437 4282 (8)
460 4197 476 4258 ό
499 4199 531 4262 δέ
553 4195 656 4279 Ἱέρων
678 4199 779 4280 κρίνας
801 4201 955 4280 είρηνικῶς
978 4198 1183 4264 διαλύσασθαι
1205 4204 1279 4280 πρὸς
1301 4204 1355 4263 τὸν

204 4296 348 4380 Θήρωνα,
368 4301 522 4382 προύδωκε
543 4301 613 4369 τοὺς
633 4301 797 4385 Ἱμεραίους
820 4305 869 4368 καὶ
891 4306 929 4367 τά
950 4303 1182 4384 βεβουλευμένα
1203 4305 1355 4384 λαθραίως

204 4399 360 4482 ἐμήνυσεν.
406 4404 510 4488 διόπερ
534 4403 645 4488 Θήρων
666 4405 811 4487 ἐξετάσας
833 4410 871 4472 τά
896 4407 971 4472 κατά
994 4408 1048 4489 τὴν
1073 4406 1202 4489 βουλήν,
1229 4405 1277 4472 καὶ
1300 4408 1356 4486 τὴν

202 4503 333 4591 μήνυσιν
350 4507 497 4592 ἀληθινήν
512 4510 670 4595 εῦρίσκων,
685 4515 759 4593 πρὸς
777 4515 835 4593 μὲν
852 4511 906 4579 τὸν
919 4511 1040 4593 Ἱέρωνα
1059 4512 1220 4579 διελύσατο
1239 4509 1287 4576 καὶ
1303 4519 1356 4578 τδν
