3000 5046
169 345 229 406 322
488 325 574 384 THE
602 324 814 384 WESTERN
838 323 1015 384 GREEKS.
1162 331 1229 398 [om
1240 334 1334 383 Vm.

171 525 224 605 ὑφ’
257 525 371 588 έαυτῶν
404 526 505 608 τεῖχος
537 520 585 587 καὶ
618 524 675 604 τήν
708 525 813 601 νήσου·
852 522 1035 589 ἐπελθόντες
1066 522 1100 585 δέ
1134 524 1332 584 Νεαπολῖται

172 628 330 710 κατέσχον.

528 771 683 842 Rhegion
704 773 774 829 end
795 772 961 831 Benene.

208 901 272 967 τι.
293 901 400 967 ναν.
421 898 460 986 of
478 900 680 966 Ammon.
725 898 891 987 νιιηιια
912 900 1039 987 τηεσε
1060 899 1099 987 of
1116 898 1282 986 ωηνι.

216 1052 272 1112 62.
295 1040 377 1106 Hdt.
393 1039 450 1105 vii
470 1054 542 1121 170.

215 1173 268 1227 08.
291 1160 389 1225 Diod.
408 1158 453 1223 xi.
469 1157 521 1240 48.
540 1177 579 1224 νε
601 1159 803 1238 Ἐτελεύτησε
818 1165 851 1226 δὲ
867 1158 916 1224 καὶ
930 1157 1093 1240 Ἀναξίλας
1108 1162 1126 1224 δ
1139 1158 1261 1242 Ῥηγίου
1276 1162 1328 1224 καὶ

172 1265 311 1349 Ζάγκλης
339 1264 491 1346 τύραννος,
512 1264 717 1330 δυναστεύσας
742 1263 795 1342 ίτη
821 1263 891 1329 δέκα
917 1264 1005 1341 exre,
1026 1264 1081 1342 τὴν
1107 1266 1140 1329 δέ
1165 1265 1328 1345 τυραννίδα

171 1367 325 1448 διεδέξατο
355 1368 498 1445 Μίκυθος,
532 1364 704 1434 πιστευθεὶς
730 1368 810 1433 ὥστε
841 1369 1005 1433 ἀποδοῦναι
1034 1371 1097 1434 τοῖς
1127 1367 1242 1434 τέκνοις
1271 1373 1328 1432 τοῦ

171 1479 408 1549 τελευτήσαντος
423 1471 493 1534 ούσι
509 1469 589 1536 νέοις
603 1469 658 1550 τήν
673 1471 805 1549 ήλικίαν.

214 1573 313 1641 Diod
327 1573 373 1638 xi.
392 1575 444 1636 66.
490 1571 553 1637 See
566 1572 676 1640 below
690 1584 760 1640 1³2.

215 1706 270 1761 04.
291 1693 415 1759 Justin.
424 1692 471 1757 iv.
485 1711 518 1757 2:
537 1692 668 1758 Horum
678 1691 924 1782 (tyrannorum)
934 1715 976 1760 ex
988 1714 1124 1759 numero
1135 1693 1325 1759 Anexileus

170 1798 301 1864 iustitie
315 1819 391 1862 cum
403 1802 586 1861 ceterorum
598 1796 795 1862 crudelitate
809 1797 968 1874 certabet,
979 1797 1074 1862 cuius
1086 1796 1325 1862 moderationis

170 1903 260 1969 haud
283 1901 481 1966 mediocrem
511 1899 655 1967 fructum
679 1900 779 1978 tulit3
809 1900 932 1988 quippe
955 1899 1115 1966 decedens
1136 1921 1213 1965 cum
1235 1899 1325 1966 filios

170 2005 327 2094 parvulos
345 2004 542 2090 reliquisset,
558 2003 764 2089 tutelamque
781 2025 895 2070 eorum
913 2003 1043 2082 Micelo‚
1058 2008 1225 2089 speetetee
1244 2003 1326 2070 fidei

169 2130 277 2184 servo,
298 2107 526 2187 commisisset,
548 2112 665 2173 tentus
686 2129 780 2174 emor
802 2107 981 2174 memoriae
1002 2107 1074 2173 eius
1096 2107 1185 2193 spud
1206 2129 1324 2173 omnes

169 2213 243 2293 fuit,
276 2218 314 2277 ut
347 2232 461 2298 perere
492 2232 599 2293 servo,
628 2233 729 2296 quem
762 2211 910 2276 deserere
942 2209 1030 2297 regis
1059 2209 1146 2276 filios
1175 2209 1326 2289 mellent,

168 2316 398 2404 principesque
416 2313 566 2380 civitatis
588 2314 687 2381 obliti
709 2314 883 2400 digniistis
901 2336 979 2380 susc
1001 2314 1095 2401 regni
1114 2313 1324 2380 maiestatem

168 2417 394 2485 administrari
409 2439 468 2504 per
483 2439 617 2482 servum
632 2424 836 2505 peterentur.

498 2658 666 2745 νιηωα
687 2659 847 2726 ουσιαι
867 2660 993 2746 eyes

214 2802 267 2854 05.
290 2789 389 2856 Diod.
411 2789 457 2854 xi.
481 2805 533 2872 59.
556 2808 598 2867 4:
620 2787 702 2869 Ἀμα
729 2795 762 2856 δὲ
788 2791 905 2859 τούτοις
928 2791 1140 2872 τραπομένοις
1162 2788 1233 2876 (the
1254 2789 1324 2855 lest

168 2893 252 2978 days
274 2894 312 2960 of
337 2892 593 2980 Themistokles)
616 2898 690 2957 κατὰ
715 2894 768 2972 τὴν
792 2895 924 2959 Ἰταλίαν
951 2896 1086 2961 Μίκυθος
1113 2889 1199 2984 [μὲν]
1227 2894 1324 2972 trev

169 2999 348 3063 δυναστείαν
363 2999 443 3081 ἔχων
457 2995 575 3081 Ῥηγίου
592 2996 639 3061 καὶ
655 2996 795 3079 Ζάγκλης
811 2999 903 3063 πόλιν
917 3000 1019 3064 ίκτισε
1034 2996 1202 3078 Πυξοῦυτα.

213 3128 267 3181 66.
291 3115 401 3181 Streb.
425 3116 472 3181 vi.
495 3138 522 3181 1.
549 3136 563 3179 1
587 3114 696 3204 (253):
721 3122 810 3182 Μετὰ
832 3122 865 3183 δέ
888 3120 1080 3200 Παλίνουρον
1102 3116 1222 3197 Πυξοῦς
1245 3117 1324 3198 ἀκρα

169 3218 217 3284 καὶ
232 3221 325 3299 λιμήν
341 3218 388 3284 καὶ
408 3222 550 3302 ποταμός·
574 3222 608 3286 ἓν
628 3219 685 3304 γάρ
705 3228 765 3285 τῶν
785 3230 875 3303 τριῶν
895 3223 1000 3303 ὄνομα·
1022 3219 1113 3309 ᾤκισε
1134 3223 1167 3287 δὲ
1187 3222 1323 3289 Μίκυθος

169 3326 185 3387 θ
209 3322 375 3403 Μεσσήνης
393 3324 495 3407 ἀρχων
517 3327 569 3402 τῆς
593 3327 626 3388 έν
649 3327 785 3410 Σικελίᾳ,
801 3325 896 3391 πάλιν
915 3325 941 3391 δ’
963 3328 1079 3406 ἀπῆραν
1101 3328 1131 3391 οί
1152 3323 1321 3408 ἱδρυθέντες

168 3428 250 3509 πλὴν
264 3429 388 3510 ὀλίγων.

300 3700 372 3757 'l'he
394 3701 476 3757 wer
498 3701 652 3757 between
675 3701 779 3758 verse
801 3701 871 3759 end
891 3700 950 3757 the
973 3699 1193 3769 Messapiam

212 3839 264 3894 οι.
287 3828 370 3893 Ηοι.
385 3828 443 3893 vs.
463 3844 534 3911 170.

211 3960 267 4014 68.
289 3946 387 4013 Diod.
412 3949 459 4013 xi.
485 3965 547 4033 52:
576 3949 646 4014 Ἐπ’
676 3950 822 4033 ἀρχοντος
848 3947 875 4015 δ’
902 3949 1051 4030 Ἀθήνησι
1081 3949 1253 4017 Μένωνος.
1278 4000 1285 4015 .
1311 3998 1319 4014 .

168 4055 284 4118 κατάδέ
295 4050 351 4131 τὴν
364 4049 497 4117 Ἰταλίαν
512 4054 644 4133 πόλεμος
661 4052 769 4133 ἐνέστη
784 4055 982 4135 Ταραντίνοις
996 4054 1070 4136 πρὸς
1086 4055 1153 4120 τοὺς
1168 4054 1318 4137 Ἰάπυγας·

166 4151 216 4244 (2)
237 4151 306 4237 περὶ
331 4157 389 4238 γάρ
415 4155 524 4236 θμδραυ
551 4155 652 4239 χώρας
676 4157 952 4237 ἀμφισβητούντων
980 4163 1054 4239 πρὸς
1078 4156 1243 4237 ἀλλήλους,
1269 4156 1318 4222 ἐπὶ

164 4258 222 4341 μίν
245 4282 331 4325 τινας
360 4259 487 4342 χρόνους
516 4259 670 4323 διετέλουν
699 4260 926 4343 ἁψιμαχοῦντες
954 4256 1002 4324 καὶ
1024 4266 1242 4340 λεηλατοῦντες
1264 4265 1319 4329 τὰς

164 4360 315 4451 ἀλλήλοιν
338 4362 450 4446 χόρος,
477 4360 525 4428 ἀεὶ
550 4363 584 4425 δέ
608 4366 730 4442 μᾶλλον
759 4366 811 4440 τῆς
839 4368 986 4445 διαφορᾶς
1009 4363 1230 4445 συναυξομένης
1269 4367 1318 4429 καὶ

189 4460 317 4536 σλλάκις
334 4466 438 4550 φόνων
457 4465 636 4550 γινομένων,
655 4472 691 4531 τδ
713 4471 885 4532 τελευταῖον
907 4468 950 4534 είς
971 4469 1124 4553 ὁλοσχερῆ
1140 4471 1318 4549 φιλοτιμίαν
