3000 5046
168 384 316 450 lov-100]
431 376 524 436 HER
550 377 707 438 ALLIES
731 379 825 438 AND
852 379 1069 439 COLONIES.
1267 392 1324 451 129

214 582 287 636 ιον.
310 540 394 637 Hdt.
409 572 431 636 i.
447 585 500 654 5¹·

216 674 250 740 0.
266 672 298 739 Ι.
315 674 358 739 A.
373 676 420 741 iv.
439 696 478 743 22
488 677 520 741 b.
566 675 627 741 See
642 676 750 742 above
764 688 836 741 ιτα.

462 977 585 1035 Revolt
608 974 647 1033 or
665 975 809 1034 Boiotia.
853 975 1034 1035 Koroneia.

214 1132 289 1187 10³.
311 1121 411 1187 Thue.
427 1122 450 1186 i.
468 1141 540 1206 113.

215 1261 286 1316 194.
309 1250 409 1316 Diod.
426 1251 486 1315 xii.
504 1250 542 1315 6:
576 1250 645 1317 Ἐπ’
670 1251 818 1336 άρχοντος
841 1250 868 1317 δ’
890 1249 1039 1331 Ἀθήνησι
1061 1253 1249 1338 Τιμαρχίδου
1265 1303 1273 1320 .
1291 1301 1323 1319 ..

171 1356 400 1437 Λακεδαιμόνιοι
425 1358 480 1437 μέν
506 1357 550 1422 είς
573 1356 628 1436 τὴν
642 1354 784 1436 Ἀττικὴν
807 1358 995 1438 ἐμβαλόντες
1017 1357 1189 1436 ἐπόρθησαν
1203 1358 1325 1438 πολλὴν

171 1461 283 1542 χώραν,
303 1461 352 1524 καὶ
374 1465 434 1524 τῶν
456 1462 608 1541 φρουρίων
630 1460 697 1525 τινὰ
720 1457 980 1542 πολιορκήσαντες
1005 1461 1178 1539 ἐπανῆλθον
1201 1463 1245 1527 είς
1268 1461 1324 1540 τὴν

171 1565 423 1642 Πελοπόννησον,
435 1565 589 1644 Τολμίδης
605 1566 637 1628 δέ
653 1566 670 1629 δ
684 1571 745 1629 τῶν
758 1562 927 1642 Ἀθηναίων
942 1569 1109 1646 στρατηγδς
1124 1565 1190 1629 είλε
1204 1566 1323 1647 Χαιρώ-

170 1692 262 1733 νειαν.
307 1665 355 1755 (2)
370 1675 429 1732 τῶν
441 1671 473 1732 δέ
485 1673 624 1733 Βοιωτῶν
636 1669 872 1751 συστραφέντων
885 1669 934 1732 καί
949 1672 1013 1734 τοῖς
1024 1665 1093 1749 περὶ
1103 1673 1156 1732 τδν
1167 1670 1324 1748 Τολμίδην

171 1772 419 1853 ἐνεδρευσάντων,
435 1771 556 1855 ἐγένετο
577 1771 660 1854 μάχη
684 1775 811 1853 καρτερὰ
833 1768 900 1852 περί
924 1772 979 1851 τὴν
1000 1772 1182 1853 Κορώνειαν,
1199 1771 1264 1836 καθ’
1285 1771 1324 1852 ἣν

170 1876 324 1954 Τολμίδης
346 1878 402 1956 μέν
425 1875 596 1960 μαχόμενος
620 1875 760 1962 διῃρέθη,
775 1880 835 1938 τῶν
859 1876 891 1939 δέ
913 1874 1018 1938 άλλων
1039 1871 1208 1952 Ἀθηναίων
1224 1877 1253 1939 οί
1267 1877 1324 1956 μὲν

172 1979 391 2058 κατεκόπησαν,
420 1980 449 2043 οἱ
472 1982 505 2043 δὲ
533 1980 640 2058 ζῶντες
666 1976 857 2058 ἐλήφθησαν.
901 1979 1080 2058 τηλικαύτης
1106 1981 1138 2043 δέ
1164 1984 1324 2062 συμφορᾶς

170 2083 333 2165 γενομένης
369 2088 433 2151 τοῖς
473 2083 651 2161 Ἀθηναίοις,
688 2081 926 2165 ἠναγκάσθησαν
967 2085 1092 2166 άφεῖναι
1129 2083 1182 2151 τὰς
1219 2085 1324 2152 πόλεις

171 2186 292 2253 άπάσας
315 2185 369 2254 τὰς
395 2189 470 2251 κατὰ
492 2187 548 2266 τὴν
575 2187 721 2251 Βοιωτίαν
745 2186 936 2267 αὐτονόμους,
951 2189 1001 2252 ίνα
1023 2186 1091 2254 τοὺς
1112 2187 1324 2270 αἰχμαλώτους

171 2290 384 2372 ἀπολάβωσιν.

214 2429 288 2484 195.
311 2419 428 2507 Lysias
450 2440 470 2506 3
492 2419 568 2486 adv.
592 2419 723 2488 Simon.
744 2436 807 2503 45:
839 2417 893 2485 Ἐν
916 2421 1052 2506 Κορίνθῳ
1069 2419 1128 2502 γὰρ
1146 2416 1177 2502 (ὅ
1198 2417 1322 2507 Σίμων),

171 2524 275 2604 ἐπειδὴ
301 2526 429 2607 ὕστερον
454 2524 530 2605 ἦλθε
554 2527 608 2604 τῆς
631 2525 706 2607 πρὸς
731 2526 800 2592 τοὺς
826 2525 988 2604 πολεμίους
1009 2523 1109 2607 μάχης
1134 2520 1257 2603 καὶτῆς
1281 2527 1324 2592 είς

173 2628 344 2710 Κορώνειαν
371 2629 537 2710 στρατείας,
564 2627 693 2712 ἐμάχετο
721 2632 761 2714 τῷ
787 2627 940 2712 ταξιάρχῳ
971 2627 1090 2712 Λάχητι
1121 2625 1169 2691 καὶ
1198 2629 1323 2693 ἔτυπτεν

172 2730 272 2805 αὐτόν,
304 2732 354 2796 καὶ
378 2734 566 2817 πανστρατιᾷ
596 2741 656 2798 τῶν
685 2738 820 2797 πολιτῶν
849 2731 1045 2812 ἐξελθόντων,
1071 2729 1162 2810 δόξας
1188 2733 1321 2812 άκοσμό·

170 2859 258 2902 τατος
280 2836 358 2900 εἶναι
382 2837 430 2899 καὶ
451 2838 664 2918 πονηρότατος,
678 2837 771 2916 μόνος
790 2833 962 2917 Ἀθηναίων
981 2837 1039 2900 ὑπὸ
1062 2841 1122 2900 τῶν
1145 2842 1324 2919 στρατηγῶν

171 2936 364 3025 ἐξεκηρύχθη.

214 3077 288 3131 196.
310 3066 398 3132 Plut.
414 3066 490 3133 Per.
509 3068 566 3132 18:
588 3067 644 3131 Ἐν
659 3071 691 3132 δέ
710 3072 777 3134 ταῖς
796 3068 992 3150 στρατηγίαις
1017 3066 1165 3147 εὐδοκίμει
1188 3064 1324 3147 μάλιστα

171 3169 221 3235 διά
251 3171 306 3252 τὴν
335 3170 521 3255 άσφάλειαν,
546 3172 615 3237 οὕτε
643 3173 743 3257 μάχης
773 3172 903 3256 ἐχούσης
928 3171 1051 3251 πολλὴν
1077 3169 1248 3250 ἀδηλότητα
1273 3166 1323 3233 καὶ

171 3275 308 3339 κίνδυνον
338 3276 481 3342 ἑκουσίως
515 3276 693 3355 ἁπτόμενος,
723 3275 791 3340 οὔτε
820 3275 890 3341 τοὺς
923 3276 956 3338 ἐκ
986 3278 1038 3338 τοῦ
1066 3271 1322 3355 παραβάλλεσθαι

170 3377 378 3462 χρησαμένους
392 3378 469 3465 τύχη
484 3380 609 3463 λαμπρᾷ
625 3380 675 3443 καὶ
696 3378 921 3459 θαυμασθέντας
936 3377 976 3444 ὣς
990 3376 1141 3462 μεγάλους
1159 3376 1258 3455 ζηλῶν
1273 3372 1322 3441 καί

169 3482 351 3562 μιμούμενος
367 3483 560 3563 στρατηγούς,
578 3483 628 3546 ἀεί
642 3508 675 3547 τε
689 3480 787 3566 λέγων
802 3487 876 3563 πρδς
892 3480 959 3548 τοὺς
976 3482 1114 3556 πολίτας,
1122 3479 1169 3546 ,ῶς
1185 3480 1261 3545 ὅσον
1275 3476 1324 3543 ἐπ’

171 3583 249 3668 αὐτῷ
267 3589 412 3664 μενοῦσιν
428 3583 571 3649 άθάνατοι
586 3584 684 3648 πάντα
699 3591 752 3650 τδν
772 3586 892 3667 χρόνον.
937 3585 1015 3665 δρῶν
1039 3586 1072 3648 δὲ
1094 3583 1249 3663 Τολμίδην
1268 3580 1322 3647 τδν

169 3689 327 3765 Τολμαίου
343 3688 392 3752 διὰ
407 3688 461 3755 τὰς
476 3690 620 3771 πρότερον
636 3688 775 3773 είσνχίας
786 3686 835 3752 καί
846 3691 895 3752 διδ
910 3693 944 3751 τὸ
960 3691 1104 3767 τιμᾶσθαι
1119 3688 1322 3769 διαφερόντως

170 3792 202 3854 ἐκ
218 3796 278 3854 τῶν
297 3798 471 3870 πολεμικῶν
495 3792 552 3857 σὺν
576 3791 675 3857 οίδενὶ
696 3794 785 3877 καιρῷ
800 3791 1101 3874 παρασκευαζόμενον
1116 3792 1160 3856 είς
1175 3789 1322 3854 Βοιωτίαν

170 3895 320 3973 ἐμβαλεῖν
345 3896 394 3959 καὶ
418 3896 582 3961 πεπεικότα
603 3902 662 3961 τῶν
682 3898 716 3962 ἐν
730 3895 837 3981 ἡλικίη
852 3894 919 3962 τοὺς
939 3895 1080 3977 ἀρίστους
1095 3893 1143 3958 καὶ
1159 3900 1321 3976 φιλοτιμα·

169 3997 274 4064 τάταυς
301 3996 437 4063 ἐθελοντὶ
462 4000 680 4081 στρατεύεσθαι
703 4000 822 4082 χιλίους
844 3997 1023 4082 γενομένους
1048 3998 1120 4062 άνευ
1145 3999 1197 4075 τῆς
1223 3997 1321 4075 ἄλλης

67 4148 72 4157 .
170 4100 330 4178 δυνάμεως,
346 4101 487 4186 κατέχειν
510 4104 651 4185 ἐπειρᾶτο
673 4101 722 4167 καὶ
743 4107 927 4185 παρακαλεῖν
952 4104 985 4167 ἐν
1004 4104 1045 4188 τῶ
1061 4100 1144 4188 δήμιρ
1159 4100 1194 4166 τδ
1208 4126 1321 4182 μνημο·

169 4205 330 4284 νεμόμενον
344 4207 447 4284 είπώυ,
464 4206 514 4283 ῶς,
530 4207 557 4271 εί
570 4206 611 4287 μὴ
626 4208 763 4271 πείθοιτο
778 4210 935 4285 Περικλεῖ,
950 4206 1004 4270 τόν
1017 4231 1054 4288 γε
1070 4206 1251 4288 σοφώτατον
1266 4203 1322 4287 οὐχ

170 4308 373 4391 ἁμαρτήσεται
398 4310 576 4390 σύμβουλον
598 4311 761 4390 άναμείνας
783 4312 903 4394 χρόνον.
948 4310 1017 4374 τότε
1043 4309 1099 4389 μέν
1122 4308 1174 4374 οὖν
1196 4309 1322 4391 μετρίως

170 4412 349 4493 εὐδοκίμησε
370 4411 449 4476 τοῦτ’
474 4413 576 4478 είπών·
599 4414 719 4497 ὀλίγαις
742 4412 767 4477 δ’
785 4415 914 4495 ὕστερον
935 4411 1068 4493 ἡμέραις,
1085 4410 1125 4479 ῶς
1147 4410 1321 4495 άνηγγέλθη

169 4518 296 4582 τεθνεὼς
310 4520 367 4595 μὲν
381 4515 468 4582 αιἰτδς
476 4518 633 4600 Τολμίδης
645 4517 713 4598 περί
725 4516 896 4598 Κορώνειαν
906 4511 1044 4596 ἡττηθείς
1053 4514 1148 4603 μάχη,
1159 4518 1321 4580 τεθνεῶτες

712 4635 737 4682 K
1285 4661 1289 4668 .
