3000 5046
171 366 230 427 104
379 347 610 407 EXTERNAL
636 344 833 405 HISTORY
856 342 913 403 OF
933 342 1119 412 ATHENS,
1183 349 1246 415 [oh.
1259 350 1321 406 111.

168 544 341 621 Ἀθηναίοις
365 542 500 625 Ἀργεῖοι
524 546 717 621 βοηθοῦντες·
752 535 801 602 καὶ
822 538 987 619 παραυτίκα
1006 540 1062 617 μὲν
1084 537 1209 618 ἔχοντας
1225 533 1319 599 πλέον

168 646 237 712 τοὺς
259 644 414 727 Ἀργείους
437 643 493 724 νὺξ
514 646 688 709 ἐπελθοῦσα
712 644 859 723 ἀφείλετο
880 640 915 705 τδ
936 643 1036 722 σαφές
1052 643 1105 720 τῆς
1121 640 1216 719 νίκης,
1232 639 1264 705 ἐς
1286 642 1318 705 δὲ

168 749 222 828 τήν
237 749 398 831 ὑστεραίαν
417 747 530 828 ῦπῆρξε
551 750 697 828 κρατήσαι
717 745 979 826 Λακεδαιμονίους,
995 748 1170 808 Θεσσαλῶν
1191 743 1318 823 προδόν-

167 877 228 915 των
243 851 428 932 Ἀθηναίους.

213 982 267 1036 94.
293 970 388 1034 Paua.
404 969 426 1036 i.
449 988 499 1054 29.
520 985 559 1051 7:
589 968 738 1033 Ἐνταῦθα
753 967 800 1056 (ἐν
820 973 861 1053 τῷ
878 965 1060 1055 Κεραμεικῷ)
1080 968 1130 1031 καὶ
1151 969 1319 1030 Κλεωναῖοι

169 1079 292 1154 κεῖνται,
306 1078 383 1155 μετὰ
398 1075 544 1156 Ἀργείων
559 1075 603 1139 είς
618 1074 674 1152 τήν
686 1071 827 1152 Ἀττικήν
842 1072 992 1138 ἐλθόντες.

212 1207 268 1260 95.
291 1194 326 1259 0.
343 1194 373 1261 Ι.
390 1194 432 1260 A.
450 1194 472 1257 i.
488 1212 549 1271 441
578 1192 646 1258 and
670 1193 716 1256 iv.
732 1213 764 1277 p.
787 1207 863 1274 107:
895 1193 987 1256 Τοίδε
1010 1190 1076 1255 ποκ’
1099 1192 1131 1256 ἐν
1152 1188 1318 1275 Ταν]άγραι

168 1298 425 1383 Λαήκεδαιμονίοις
450 1296 598 1382 ἐμάχοντο
623 1295 677 1360 vel
700 1296 808 1361 simile
836 1295 927 1381 quid.
971 1294 1028 1360 Vs.
1059 1313 1087 1357 2.
1111 1320 1176 1359 --ι
1200 1291 1319 1377 πένθοής

169 1442 252 1467 ---.
299 1399 469 1467 Followed
491 1400 538 1485 by
563 1421 584 1464 a
604 1399 661 1463 list
683 1397 720 1462 of
737 1420 850 1463 names
875 1395 914 1463 of
931 1397 991 1463 tho
1014 1396 1216 1462 Kleonaiana
1240 1394 1319 1461 who

168 1505 224 1571 fell
240 1509 277 1571 at
291 1505 443 1591 Tanagra
462 1504 498 1568 in
513 1502 563 1568 Ol.
583 1505 633 1568 80.
650 1524 681 1581 4.

211 1608 304 1674 Note.
321 1607 476 1674 Boiotian
485 1607 679 1693 contingent
687 1612 724 1672 at
733 1605 897 1692 Tanagra.
931 1604 982 1671 cf.
994 1604 1078 1671 Plat.
1091 1603 1161 1670 Alc.
1173 1604 1194 1670 i.
1208 1623 1267 1670 112
1280 1603 1316 1668 C.

212 1742 267 1795 96.
292 1729 375 1795 ΡΙυΛ.
391 1728 519 1795 Menex.
537 1747 600 1807 242
616 1726 715 1791 A-B:
741 1727 829 1792 Μετά
845 1729 878 1791 δέ
890 1731 978 1791 τοῦτο
992 1726 1155 1809 γενομένου
1172 1725 1318 1807 πολέμου,

169 1835 342 1915 συνέβαλον
363 1838 419 1913 μὲν
441 1835 475 1898 ἐν
496 1831 640 1917 Τανάγρᾳ
662 1835 736 1913 ὑπὲρ
759 1835 811 1910 τῆς
827 1836 968 1896 Βοιωτῶν
983 1831 1154 1914 ἐλευθερίας
1170 1835 1319 1894 Λακεδαι-

167 1940 282 2018 μονίοις
296 1939 473 2022 μαχόμενοι,
489 1936 765 2018 ἀμφισβητησίμου
779 1938 812 2000 δέ
827 1936 878 2012 τῆς
891 1934 991 2020 μάχης
1006 1933 1174 2017 γενομένης,
1189 1932 1318 2017 διέκρινε

168 2042 203 2106 τὸ
232 2043 358 2122 ὕστερον
387 2041 484 2123 ἔργον·
529 2043 557 2104 οῖ
586 2045 642 2119 μὲν
672 2043 730 2122 γὰρ
760 2036 877 2124 ᾤχοντο
907 2040 1057 2118 ἀπιόντες,
1088 2041 1318 2104 καταλείποντες

169 2144 336 2228 [Βοιωτοὺς]
353 2145 398 2210 οίς
421 2143 581 2224 ἐβοήθουν,
598 2145 627 2208 οί
651 2142 677 2207 δ’
701 2142 841 2226 ἡμέτεροι
863 2144 949 2230 τρίτη
971 2141 1065 2226 ήμέρη
1087 2142 1121 2206 ἐν
1135 2141 1318 2222 Οίνοφότοις

169 2248 346 2328 νικήσαντες
362 2247 428 2313 τοὺς
443 2247 551 2314 ἀδίκως
566 2248 735 2328 φεύγοντας
750 2249 870 2314 δικαίως
886 2244 1067 2329 κατήγαγον.

213 2379 265 2434 97.
290 2366 434 2433 Asistod.
466 2366 524 2432 xii.
560 2387 571 2430 1
607 2366 659 2453 (F.
683 2366 727 2431 Η.
756 2365 793 2432 θ.
815 2388 846 2430 v.
875 2387 906 2451 p.
931 2366 1004 2455 14):
1042 2367 1130 2431 Μετὰ
1163 2368 1194 2430 δὲ
1227 2371 1318 2431 ταῦτα

167 2469 346 2550 Ἑλληνικὸς
368 2473 503 2552 πόλεμος
523 2471 643 2553 ἐγένετο
663 2470 832 2550 Ἀθηναίων
855 2469 904 2535 καὶ
925 2471 1167 2552 Λακεδαιμονίων
1187 2473 1219 2534 ἐν
1238 2473 1317 2534 Ταν-

169 2574 254 2659 άγρᾳ·
285 2573 333 2639 καῖ
352 2577 382 2639 οῖ
399 2579 456 2655 μὲν
471 2575 703 2656 Λακεδαιμόνιοι
719 2574 798 2655 ἦσαν
814 2580 867 2639 τὸν
884 2575 1009 2655 ἀριθμὸν
1028 2574 1127 2655 μόριοι
1142 2575 1316 2657 τρισχίλιοι,

169 2681 197 2742 οἱ
213 2681 246 2742 δέ
261 2678 417 2756 Ἀθηναῖοι
431 2679 531 2760 μύριοι
547 2677 758 2764 ἑξακισχίλιοι·
783 2680 832 2741 καὶ
848 2683 973 2742 νικῶσιν
986 2676 1150 2755 Ἀθηναῖοι.

212 2809 268 2863 98.
290 2797 464 2878 Aristides,
479 2797 629 2863 Ροτιαθι.
649 2800 710 2882 ¹5⁶
725 2799 757 2864 J.
774 2795 886 2883 (Dind.
900 2797 922 2861 i.
939 2819 970 2884 p.
990 2798 1082 2885 255):
1106 2797 1198 2864 Αὖθις
1222 2797 1248 2861 δ’
1268 2795 1318 2861 ἐπὶ

170 2900 295 2966 Φωκέας
324 2901 566 2979 Λακεδαιμονίων
592 2902 806 2982 παρελθόντων
836 2900 1009 2965 ἐκέκλειστο
1039 2905 1094 2977 μὲν
1125 2902 1141 2963 ὁ
1171 2904 1317 2982 Κρισαῖος

169 3003 294 3080 κόλπος,
310 3002 450 3081 ἀπήντων
465 3005 492 3068 δ’
504 3003 554 3069 ἐπὶ
575 3004 643 3071 τοὺς
666 3008 761 3087 ὄρους.
806 3006 899 3087 χωρὶς
924 3003 950 3068 δ’
973 3007 1047 3087 ὑπὲρ
1071 3003 1220 3086 Μεγάρων
1239 3002 1318 3083 ήσαν

169 3108 202 3169 έν
230 3106 380 3190 Γερανεία·
412 3109 492 3171 ῶστε
517 3109 558 3187 μὴ
583 3108 668 3193 ἔχειν
691 3110 940 3189 Λακεδαιμονίους
963 3109 1026 3171 ὅτι
1048 3106 1224 3190 χρήσονται,
1247 3105 1319 3171 ἀλλ’

169 3211 293 3291 ἀπορεῖν
316 3214 449 3279 ἑστῶτας
472 3214 505 3276 ἐν
527 3218 670 3281 Βοιωτοῖς
693 3215 763 3278 ὅποι
788 3210 990 3291 σωθήσονται·
1025 3214 1102 3276 οθτω
1126 3210 1318 3294 περιέπτυξεν

169 3312 305 3393 αῦτοῦςή
322 3316 420 3383 πόλις.
464 3316 553 3384 τέλος
575 3323 607 3383 δὲ
632 3317 865 3398 συμβάλλουσιν
886 3319 920 3383 ἐν
933 3317 1077 3400 Τανάγρᾳ
1090 3320 1144 3395 τῆς
1167 3319 1319 3395 Βοιωτίας,

169 3419 218 3480 καὶ
233 3417 400 3500 γενομένων
416 3421 594 3504 ἀμφοτέρων
610 3424 724 3504 ἀνδρῶν
740 3426 792 3486 τοῦ
810 3420 1001 3501 τολμήματος
1023 3420 1117 3501 ἀξίων
1131 3420 1239 3501 ἔδοξαν
1254 3422 1319 3486 καθ’

169 3521 202 3585 ἓν
216 3525 304 3585 τοῦτο
319 3525 549 3603 Λακεδαιμόνιοι
565 3525 660 3590 πλέον
675 3525 850 3609 ἐσχηκέναι,
866 3530 931 3592 πῶς
945 3526 983 3589 ἀν
1004 3526 1118 3602 είποιμι
1141 3524 1318 3607 εῦπρεπῶς,·

169 3624 245 3688 άκνῶ
268 3628 326 3707 γὰρ
350 3627 446 3691 εἰπεῖν
464 3628 511 3691 ότι
536 3629 589 3691 οῦκ
612 3629 781 3694 ἀπόλοντο.
827 3626 876 3693 καῖ
899 3628 956 3711 γὰρ
980 3629 1016 3708 ήν
1038 3630 1107 3712 ὅρος
1127 3630 1215 3696 οῦτος
1228 3626 1319 3708 Ἀθη·

169 3730 264 3794 ναίοις
285 3730 340 3808 μέν
363 3736 483 3794 κλεῖσαι
505 3732 560 3811 τὴν
581 3731 723 3812 πάροδον,
739 3735 987 3812 Λακεδαιμονίοις
1009 3734 1042 3796 δέ
1058 3735 1193 3812 σωθῆναι
1208 3734 1319 3800 οίκαδε.

170 3827 218 3894 καῖ
234 3834 395 3898 κινδυνεύει
409 3835 504 3913 μόνον
518 3840 606 3899 τοῦτο
627 3836 662 3900 τὸ
685 3838 773 3920 ἔργον
794 3837 850 3917 τήν
870 3837 971 3920 φυγήν
992 3837 1151 3915 σύμβολον
1166 3833 1220 3916 τῆς
1234 3837 1319 3916 νίκης

168 3933 338 4017 ἐσχηκέναι,
353 3939 419 4001 ἐπεὶ
434 3939 503 4006 τοῦς
517 3965 554 4021 γε
570 3941 619 4003 καῖ
635 3937 716 4021 παρά
737 3943 793 4020 την
807 3941 910 4024 μάχην
925 3943 1075 4022 κρείττους
1091 3942 1140 4005 καὶ
1156 3944 1219 4008 τοῖς
1234 3941 1319 4007 ὅλοις

168 4038 240 4102 ἀνευ
254 4044 381 4106 πολλῶν
401 4047 461 4107 τῶν
482 4041 529 4107 καὶ
552 4044 699 4126 πρότερον
725 4044 888 4126 κρινάντων
909 4048 947 4109 τῖι
970 4043 1082 4127 ἐφεξῆς
1104 4044 1190 4111 εὐθὺς
1213 4044 1318 4125 ἔδειξε.

168 4145 247 4222 τρεῖς
270 4143 327 4224 γάρ
348 4146 429 4209 εἰσιν
449 4148 478 4211 οῖ
499 4146 741 4231 μαρτυρήσαντες
765 4152 954 4239 παραχρῆμα
971 4148 1140 4227 Ἀθηναίων
1166 4147 1242 4212 εῖναι
1264 4148 1319 4228 τήν

169 4244 264 4324 νίκην,
285 4246 452 4328 Ἀθηναῖοι,
477 4253 721 4331 Λακεδαιμόνιοι,
748 4255 884 4319 Βοιωτοί.
928 4253 1160 4332 Λακεδαιμόνιοι
1180 4256 1237 4332 μὲν
1259 4255 1318 4334 γάρ

168 4346 331 4430 ήγόπησαν
345 4353 606 4436 ἀναχωρήσαντες,
623 4364 709 4420 κ.τ.λ.

211 4477 268 4536 ⁰⁰.
289 4467 372 4538 Hdt.
388 4472 434 4539 ix.
451 4490 502 4559 35.
542 4473 770 4566 (Tisamenos.)
