3000 5046
140 382 231 448 στα]
551 372 885 432 Βτοστιννντσκι.

401 628 470 694 His
492 626 672 694 ἀείνιυύοαι·
693 634 729 693 αδ
752 628 955 713 Byzantion,
978 629 1032 695 θα

185 770 217 825 θ.
239 758 326 823 ΡΙιιδ.
344 756 431 823 Uim.
449 759 488 824 6:
508 757 637 825 Ἔπειτα
661 760 839 823 Παυσανίου
858 764 921 826 τοῖς
934 761 991 838 μὲν
1004 759 1176 842 βαρβάροις
1192 759 1293 824 διαλέ·

142 862 272 948 γομένου
292 865 360 945 περὶ
382 864 545 945 προδοσίας
567 860 616 928 καί
640 867 771 943 βασιλεῖ
793 862 964 945 γράφοντος
988 861 1160 940 ἐπιστολάς,
1175 867 1239 928 τοῖς
1259 864 1292 927 δέ

142 965 312 1050 συμμάχοις
341 965 475 1050 τραχέως
508 964 557 1030 καὶ
587 963 723 1033 ούθάδως
752 966 999 1048 προσφερομένου
1034 967 1082 1029 καὶ
1117 966 1221 1031 πολλὰ
1254 963 1293 1030 δι’

143 1069 284 1150 ἐξουσίαν
311 1067 359 1135 καί
383 1073 475 1154 ὄγκου
502 1071 630 1148 ἀνόητον
652 1069 836 1150 ὑβρίζοντος,
851 1068 1078 1151 ὑπολαμβάνων
1100 1067 1201 1153 πράως
1224 1071 1293 1138 τοὺς

143 1174 352 1253 ἀδικουμένους
378 1171 426 1238 καί
450 1174 673 1256 φιλανθρώπως
697 1172 846 1253 ἐξομιλῶν
868 1175 979 1238 ἔλαθεν
1002 1175 1036 1238 ού
1058 1174 1095 1239 δι’
1112 1175 1217 1239 ὅπλων
1238 1175 1295 1254 τῆν

143 1281 195 1357 τῆς
217 1277 368 1347 Ἑλλάδος
383 1278 557 1361 ῆγεμονίαυ,
573 1276 655 1342 ἀλλά
670 1279 754 1363 λόγῳ
776 1275 823 1341 καὶ
838 1276 905 1356 ῆθει
921 1281 1135 1358 παρελόμενος.
1180 1303 1293 1358 προσε-

142 1385 261 1447 τίθεντο
275 1383 333 1465 γάρ
349 1385 378 1446 οί
395 1389 537 1447 πλεῖστοι
556 1386 616 1447 τῶν
637 1380 804 1465 συμμάχων
819 1383 922 1466 ἐκείνιρ
938 1406 971 1445 τε
987 1383 1036 1445 καὶ
1050 1381 1222 1468 Ἀριστείδῃ
1238 1382 1294 1461 τῆν

142 1487 338 1569 χαλεπότητα
354 1485 402 1550 καὶ
424 1487 596 1567 ὑπεροψίαν
616 1489 669 1550 τοῦ
688 1487 865 1550 Παυσανίου
883 1485 924 1566 μῆ
945 1485 1099 1566 φέροντες.
1143 1486 1173 1550 οῖ
1189 1489 1222 1552 δέ
1244 1484 1294 1550 καὶ

144 1590 264 1655 τούτους
287 1589 347 1671 άμα
369 1588 561 1672 προσήγοντο
589 1588 637 1652 καὶ
664 1594 727 1656 τοῖς
751 1590 873 1672 ἐφόροις
896 1589 1065 1671 πέμποντες
1091 1590 1229 1670 ἔφραζον,
1254 1590 1294 1656 ῶς

144 1691 310 1772 ἀδοξούσης
331 1696 384 1771 τῆς
407 1693 546 1774 Σπάρτης
571 1692 620 1758 καὶ
643 1694 862 1775 ταραττομένης
883 1695 936 1770 τῆς
955 1691 1116 1772 Ἑλλάδος,
1132 1695 1294 1758 ἀνακαλεῖν

143 1797 198 1861 τὸν
232 1799 419 1863 Παυσανίαν.
464 1796 585 1876 λέγεται
611 1799 644 1861 δέ
673 1797 823 1877 παρθένον
849 1796 916 1862 τινά
946 1798 1111 1875 Βυζαντίαν
1136 1799 1294 1879 ἐπιφανῶν

144 1900 267 1985 γονέων,
291 1903 384 1979 ὄνομα
410 1902 587 1980 Κλεονίκην,
605 1901 650 1968 ἐπ’
675 1901 805 1988 αἰσχύνῃ
828 1904 881 1965 τοῦ
905 1900 1080 1966 Παυσανίου
1100 1925 1295 1982 μεταπεμπο-

143 2005 246 2085 μένου,
261 2004 330 2072 τοὺς
351 2007 407 2086 μὲν
429 2010 529 2087 γονεῖς
551 2002 600 2069 ἀπ’
616 2004 747 2089 ἀνάγκης
771 2006 819 2069 καὶ
842 2006 947 2087 φόβου
962 2005 1110 2086 προέσθαι
1123 2004 1178 2083 τῆν
1193 2008 1294 2077 παῖδα,

145 2110 199 2189 τὴν
223 2113 255 2174 δέ
278 2113 338 2172 τῶν
365 2114 422 2190 πρδ
448 2114 499 2173 τοῦ
526 2109 673 2189 δωματίου
699 2113 860 2187 δεηθεῖσαν
890 2108 1055 2172 ἀνελέσθαι
1081 2113 1115 2172 τὸ
1145 2113 1220 2188 φῶς,
1245 2107 1295 2172 διά

146 2212 273 2278 σκότους
290 2209 339 2277 καὶ
355 2215 472 2290 σιωπῆς
487 2215 524 2297 πῆ
541 2213 629 2300 κλίνη
646 2217 835 2294 προσιοῦσαν
849 2209 906 2292 ἤδη
926 2217 978 2276 τοῦ
1000 2212 1175 2275 Παυσανίου
1190 2211 1296 2275 καθεύ-

145 2321 259 2391 δοντος,
284 2317 429 2396 ἐμπεσεῖν
452 2314 502 2381 καὶ
527 2316 697 2399 ἀνατρέψαι
723 2317 758 2381 τδ
780 2316 909 2400 λυχνίον
933 2318 1074 2380 ἀκουσαν·
1106 2320 1160 2379 τὸν
1185 2312 1211 2379 δ’
1238 2314 1296 2379 ῦπδ

146 2424 199 2482 τοῦ
222 2420 330 2502 ψόφου
351 2421 541 2503 ταραχθέντα
557 2419 803 2498 σπασάμενοντὸ
821 2420 1038 2500 παρακείμενον
1053 2420 1241 2503 ἐγχειρίδιον,
1256 2419 1297 2485 ὥς

146 2547 228 2589 τινος
261 2522 307 2587 ἐπ’
334 2524 425 2589 αύτδν
450 2525 560 2607 ἐχθροῦ
584 2524 774 2603 βαδίζοντος,
801 2521 932 2601 πατάξαι
959 2520 1008 2587 καὶ
1031 2529 1218 2602 καταβαλεῖν
1241 2522 1297 2601 τὴν

146 2625 305 2708 παρθένον,
321 2630 353 2691 ἐκ
373 2631 405 2693 δέ
430 2628 484 2704 τῆς
502 2630 621 2710 πληγῆς
644 2628 856 2691 ἀποθανοῦσαν
878 2627 969 2705 αὐτὴν
992 2625 1044 2690 ούκ
1067 2627 1120 2690 ἐῖιν
1140 2631 1193 2690 τὸν
1214 2631 1296 2690 Παυ-

147 2731 257 2793 σανίαν
282 2728 459 2811 ἡσυχάζειν,
480 2730 562 2793 ἀλλά
586 2729 699 2812 νύκτωρ
726 2731 853 2795 είδωλον
882 2729 961 2814 αύτῷ
988 2733 1145 2811 φοιτῶσαν
1171 2730 1214 2794 είς
1245 2728 1297 2793 τάν

146 2834 242 2898 θπυον
257 2832 331 2918 ὀργῆ
350 2832 453 2915 λέγειν
467 2833 535 2897 τόδε
551 2839 585 2896 τδ
600 2833 707 2918 ῆρῷου·

252 2941 358 3019 στεῖχε
379 2937 464 3016 δίκης
485 2937 595 3001 ἆσσον·
618 2935 702 3019 μάλα
724 2962 770 3000 τοι
794 2936 884 3001 κακάν
906 2934 1050 3017 ἀνδράσιν
1071 2937 1166 3017 ῦβρις.

147 3036 198 3120 ἐφ’
228 3036 251 3125 ᾧ
282 3036 331 3104 καὶ
359 3040 497 3120 μάλιστα
525 3046 669 3122 χαλεπῶς
700 3041 874 3123 ἐνεγκόντες
902 3041 930 3105 οί
960 3040 1114 3123 σύμμαχοι
1146 3038 1222 3119 μετὰ
1244 3042 1298 3103 τοῦ

148 3143 285 3223 Κίμωνος
301 3141 559 3225 ἐξεπολιόρκησαν
577 3143 674 3208 αὐτόν.
721 3145 737 3207 δ
753 3144 779 3208 δ’
795 3144 931 3209 ἐκπεσὸν
945 3147 997 3207 τοῦ
1014 3144 1176 3221 Βυζαντίου
1194 3140 1243 3207 καὶ
1257 3142 1300 3229 τηῖ

148 3243 287 3326 φάσματι
302 3247 529 3328 ταραττόμενος,
546 3247 585 3313 ῶς
603 3246 734 3330 λέγεται,
752 3247 903 3329 κατέφυγε
918 3252 992 3329 πρδς
1013 3252 1047 3310 τδ
1073 3250 1301 3327 νεκυομαντεῖον

148 3351 192 3415 είς
220 3346 413 3429 Ἡράκλειαν,
451 3348 499 3414 καὶ
536 3351 592 3430 τῆν
628 3352 734 3434 ψυχὴν
771 3351 1013 3433 ἀνακαλούμενος
1042 3353 1094 3429 τῆς
1133 3350 1300 3428 Κλεονίκης

148 3457 310 3540 παρῃτεῖτο
325 3454 381 3533 τὴν
396 3451 499 3537 ὀργῆν.
541 3453 560 3532 ῆ
577 3453 603 3518 δ’
619 3455 663 3522 είς
679 3457 754 3538 ὄψιν
774 3455 908 3517 ἐλθοῦσα
921 3453 1035 3535 ταχέως
1052 3453 1111 3534 ἐφη
1127 3452 1300 3517 παύσεσθαι

149 3561 210 3619 τῶν
233 3562 331 3622 κακῶν
354 3557 444 3622 αὐτὸν
467 3560 501 3623 ἐν
523 3557 646 3644 Σπάρτη
669 3557 840 3640 γενόμενον,
856 3553 1055 3636 αἰνιττομένη,
1074 3555 1114 3622 ῶς
1137 3555 1225 3633 ἔοικε,
1246 3555 1300 3633 τῆν

148 3658 323 3739 μέλλουσαν
337 3659 417 3746 αύτηῖ
431 3659 585 3739 τελευτήν.
631 3666 723 3724 ταῦτα
737 3663 793 3740 μὲν
809 3660 861 3724 οῦν
875 3658 934 3724 ῦπά
949 3663 1075 3723 πολλῶν
1091 3659 1256 3741 ἱστόρηται.

193 3762 279 3828 Plut.
296 3763 358 3826 Ar.
376 3782 427 3846 23.
472 3762 536 3828 See
551 3763 657 3828 above
671 3772 701 3827 1.
718 3774 766 3827 21.

192 3893 244 3954 10.
270 3879 471 3973 [Demosth]
484 3897 526 3968 59
538 3884 581 3949 ιἰι
596 3883 714 3950 Νοαον.
726 3902 787 3968 97:
810 3883 882 3966 Ἐφ’
898 3885 942 3950 οῖς
958 3879 1107 3964 φυσηθεὶς
1126 3882 1301 3949 Παυσανίας

150 3989 167 4051 δ
185 3995 246 4053 τῶν
268 3990 511 4069 Λακεδαιμονίων
533 3989 684 4070 βασιλεὺς
709 3989 886 4072 ἐπέγραψεν
910 3986 959 4054 ἐπὶ
980 3994 1034 4053 τὸν
1049 3988 1175 4071 τρίποδα
1195 3987 1247 4052 τάν
1270 3989 1303 4051 ἐν

151 4096 298 4173 Δελφοῖς,
314 4091 349 4156 ὃν
373 4093 402 4155 οί
418 4091 572 4170 Ἕλληνες
597 4094 626 4156 οῖ
648 4094 916 4177 συμμαχεσάμενοι
940 4093 995 4173 τῆν
1011 4096 1187 4156 Πλαταιᾶσι
1200 4091 1302 4172 μάχην

151 4191 199 4258 καὶ
223 4194 279 4274 τῆν
304 4197 337 4261 ἐν
362 4201 511 4278 Σαλαμῖνι
534 4197 700 4281 ναυμαχίαν
724 4195 973 4280 ναυμαχήσαντες
993 4196 1077 4282 κοινῆ
1101 4193 1302 4275 ποιησάμενοι

152 4298 301 4378 ἀνέθηκαν
317 4300 470 4380 ἀριστεῖον
485 4296 528 4386 τῷ
541 4299 716 4365 Ἀπόλλωνι
731 4302 791 4364 άπδ
806 4307 866 4365 τῶν
880 4299 1058 4381 βαρβάρων,

281 4400 442 4481 Ἑλλήνων
464 4403 596 4486 ἀρχηγὸς
620 4399 686 4468 ἐπεὶ
708 4407 839 4482 στρατδν
860 4402 960 4466 ὤλεσε
983 4399 1108 4481 Μήδων,

328 4507 505 4575 Παυσανίας
527 4507 638 4592 Φοίβην
660 4503 751 4589 μνῆμ’
772 4502 856 4571 Mt
