3000 5046
190 340 247 401 168
396 340 627 399 EXTERNAL
653 338 850 399 HISTORY
874 338 932 398 OF
950 338 1135 409 ATHENS,
1204 347 1267 413 [σιν
1279 349 1339 399 111.

187 534 377 601 Herodotus
408 540 477 599 tres
507 539 542 598 et
570 529 823 618 quinquaginta„
858 530 1070 617 Thucydides
1105 529 1338 617 quodraginta.

188 638 355 726 Scriptum
370 642 420 703 eet
435 636 497 702 hoo
512 636 549 700 in
564 634 650 700 libro
665 634 839 701 undecimo
855 633 1056 721 Pamphilae.
1101 633 1151 699 ef.
1167 643 1242 700 373.

440 846 505 913 Poe
526 867 601 913 ωοω
623 845 844 912 constitution
865 844 904 929 os
922 844 1078 911 Τλωτόοί.

230 998 307 1053 aas.
331 967 441 1050 strab.
456 983 500 1049 vi.
525 1003 551 1047 1.
576 981 595 1046 e
618 978 720 1071 (τοο).
764 980 865 1047 κιαι.
889 980 962 1048 τοι.
984 982 1055 1048 vie.
1078 979 1138 1068 (v.)
1163 997 1192 1066 7·
1216 982 1289 1070 (vi.)
1309 1002 1339 1068 5.

194 1108 273 1177 1307
284 1111 305 1154 ιι
321 1107 362 1152 20
377 1089 412 1153 ff.
456 1086 536 1152 This
550 1107 689 1174 passage
703 1085 805 1151 refers
820 1091 856 1152 to
871 1106 892 1152 ο
907 1085 992 1152 later
1006 1086 1095 1152 date.

444 1298 509 1365 The
529 1298 627 1364 Lowe
648 1296 689 1384 of
704 1296 902 1363 Charondae
923 1298 1077 1385 adopted.

232 1449 309 1505 866.
331 1436 429 1502 Diod·
447 1435 506 1500 xii.
525 1454 574 1500 11.
591 1455 629 1521 3:
662 1438 794 1501 Εἵλουτο
816 1439 849 1501 δέ
872 1433 921 1501 καὶ
945 1436 1112 1518 νομοθέτην
1137 1442 1191 1502 τδν
1216 1437 1340 1521 ἄμοτον

188 1547 249 1609 τῶν
275 1546 309 1608 έν
333 1541 454 1627 παιδείη
479 1540 708 1622 θαυμαζομένων
730 1546 866 1606 πολιτῶν
890 1542 1066 1623 Χαρώνδαν.
1109 1538 1157 1627 (4)
1191 1539 1277 1608 οὗτος
1306 1544 1340 1606 δέ

189 1645 434 1727 έπισκεψόμενος
456 1646 511 1711 τδς
534 1644 674 1709 δπόντωυ
694 1644 874 1724 νομοθεσίας
894 1641 1057 1723 ἐξελέξατο
1078 1643 1115 1708 τὰ
1130 1643 1274 1727 κράτιστα
1289 1646 1339 1710 καὶ

189 1748 351 1830 κατέταξεν
374 1751 417 1816 είς
441 1746 510 1816 τοὺς
526 1748 642 1829 νόμους·
667 1748 770 1813 πολλὰ
786 1751 819 1812 δὲ
835 1744 884 1813 καί
899 1748 961 1812 ἴδια
976 1746 1215 1828 έπιυοησόμενος
1230 1746 1340 1830 ἐξεῦρε,

189 1850 257 1935 περὶ
272 1856 314 1919 ὧν
329 1855 379 1919 οὐκ
395 1852 543 1918 δνοίκειόν
556 1855 641 1917 έστιν
652 1854 875 1933 ἐπιμνησθῆναι
890 1852 965 1933 πρὸς
982 1853 1145 1933 διόρθωσιν
1159 1857 1220 1917 τῶν
1235 1854 1340 1932 ἀναγι-

191 1956 379 2023 νωσκόντων.

526 2108 741 2195 Βαοοτίρίίου
763 2106 803 2194 os
821 2107 872 2173 the
893 2107 1000 2174 Lowe.

236 2261 310 2316 ουτ.
333 2246 430 2313 Diod.
445 2248 513 2312 xii..
526 2266 639 2332 12-19.

235 2389 314 2444 338.
337 2376 439 2442 Arist.
463 2376 537 2442 Pol.
555 2373 589 2441 ii'.
611 2394 660 2441 12.
676 2372 748 2464 (ix.)
764 2376 793 2441 8.
819 2390 903 2459 1274
915 2374 937 2439 b
951 2390 972 2457 5
984 2375 1018 2441 ff.
1062 2374 1148 2440 Plut.
1164 2375 1205 2440 de
1219 2375 1340 2441 curios.

193 2479 326 2567 efflet.
342 2479 466 2566 519B).
511 2478 603 2546 Stob.
628 2480 735 2545 Sem.
761 2498 813 2558 44.
831 2497 884 2558 40.
932 2477 1041 2544 Schol.
1059 2479 1097 2543 in
1118 2478 1201 2544 Plat.
1224 2479 1340 2565 Remo.

191 2600 255 2668 599
271 2582 308 2649 Ε.
355 2581 428 2648 Vel.
444 2581 533 2647 Max.
552 2583 597 2647 vi.
614 2587 710 2666 5eot.
725 2602 756 2661 4.

336 2792 526 2880 Οοωθιιοὶοτι
549 2792 686 2859 between
707 2792 905 2860 θλατοωόαο
931 2794 1004 2860 aod
1025 2792 1196 2860 Zaleulcoe.

237 2943 314 2997 333.
338 2928 436 2996 Diod.
460 2930 519 2994 xii.
548 2950 597 3014 17.
641 2930 736 2996 Dem.
764 2951 805 3011 24
830 2931 872 2998 io
901 2930 1041 2998 Timoor.
1071 2951 1142 3019 139.
1188 2931 1266 2997 Ath.
1296 2932 1341 2996 xi.

193 3038 256 3117 508
269 3036 309 3103 A.
355 3034 448 3100 Suid.
465 3034 627 3103 Ζόλευκος.

333 3247 536 3334 Ρτοίαροταο
558 3247 631 3313 aod
653 3247 704 3314 the
728 3248 958 3316 Oooete'totioo
979 3248 1018 3336 os
1037 3249 1190 3317 Τλυτίοί.

241 3397 316 3452 370.
340 3383 437 3471 Diog.
454 3384 559 3450 Laert.
575 3385 621 3450 iX.
637 3402 697 3466 50:
722 3388 924 3471 Πρωταγόρας
935 3385 1123 3470 Ἀρτέμωνος
1138 3388 1166 3470 ἤ,
1176 3389 1216 3458 ὡς
1226 3387 1341 3455 Ἀπολ-

196 3491 331 3571 λόδωρος
358 3491 408 3554 καὶ
436 3492 553 3555 Δείνων
577 3492 610 3554 έν
634 3495 807 3572 Περσικοῖς,
836 3493 1024 3574 Μαιανδρίου
1050 3492 1239 3575 Ἀβδηρίτης,
1266 3493 1343 3558 κοθό

197 3602 295 3674 φησιν
308 3590 509 3675 Ἡρακλείδης
525 3594 541 3656 ὁ
557 3597 706 3660 Πουτικδς
720 3595 753 3658 έν
774 3599 838 3662 τοῖς
860 3591 929 3676 περί
950 3597 1058 3674 νόμων,
1074 3595 1107 3663 ὃς
1130 3598 1180 3661 καὶ
1203 3598 1344 3678 Θουρίοις

196 3697 304 3775 νόμους
318 3698 436 3780 γράψαι
450 3697 548 3776 φησὶν
562 3696 658 3761 αὐτόν.

429 3906 573 3973 Tharioi
594 3908 746 3975 deelooed
767 3933 790 3975 α
812 3909 950 3997 Βοέρλὶα
974 3912 1108 4000 θοίουρ.

240 4056 309 4111 871.
332 4043 430 4112 Diod.
456 4046 514 4110 xii.
538 4061 601 4131 35:
635 4045 702 4112 Ἐπ’
727 4048 873 4132 ἄρχοντος
896 4048 922 4115 δ’
943 4048 1091 4130 Ἀθήνησι
1115 4050 1269 4134 Κράτητος
1285 4103 1291 4118 .
1309 4100 1344 4118 ..

198 4151 272 4211 κατδ
293 4149 348 4228 τὴν
373 4146 508 4214 Ἰταλίαν
530 4153 559 4214 ot
582 4152 651 4217 τοὺς
674 4153 820 4232 Θουρίους
842 4155 1002 4233 οἰκοῦντες,
1019 4157 1052 4219 έκ
1074 4162 1202 4222 πολλῶν
1223 4159 1344 4221 πόλεων

199 4252 425 4331 συνεστηκότες,
442 4254 623 4332 ἐστασίαζον
637 4255 712 4336 πρὸς
727 4255 892 4335 ἀλλήλους,
902 4259 990 4325 ποίας
1006 4261 1125 4325 πόλεως
1141 4261 1284 4326 όποίκους
1299 4265 1346 4325 δεῖ

198 4359 357 4420 καλεῖσθαι
372 4355 440 4422 τοδς
456 4359 603 4438 Θουρίους
619 4355 668 4422 καὶ
682 4359 747 4422 τίνα
769 4360 892 4440 κτίστην
911 4361 1024 4426 δίκαιον
1045 4361 1254 4440 ὀνομάζεσθαι.
1297 4360 1346 4449 (2)

198 4461 229 4525 οί
244 4483 277 4524 τε
291 4462 349 4543 γδρ
363 4457 518 4541 Ἀθηναῖοι
533 4465 584 4541 τῆς
599 4463 737 4531 ἀποικίας
748 4464 856 4543 ταύτης
867 4465 1094 4548 ἠμφισβήτουν,
1106 4469 1345 4550 ἀποφαινόμενοι
