3000 5046
134 367 277 433 nmo]
388 360 482 419 HER
506 360 663 421 ALLIES
686 360 780 420 ΑΝΙ)
807 362 1025 422 COLONIES.
1228 378 1286 440 113

135 554 231 622 πόθος
245 554 329 638 εἶχεν
345 555 470 639 ἰσχυράς
484 557 575 641 χερσὶ
590 561 655 623 ταῖς
671 558 767 622 αὑτῶν
788 560 919 639 φανῆναι
934 560 1031 641 λόγου
1046 585 1074 622 τι
1091 558 1285 640 κεκτημένους

134 657 231 737 ἀξιον,
246 660 306 736 καί,
316 659 482 738 ἠπίσταντο
491 660 549 743 γάρ
558 660 702 730 Οἰνιάδας
713 661 904 743 Ἀκαρνάνων
917 666 975 745 γῆν
986 688 1018 729 τε
1031 665 1156 747 ἔχοντας
1168 663 1286 746 ἀγαθὴν

135 760 184 826 καί
199 761 374 843 Ἀθηναίοις
394 765 556 846 διαφόρους
575 770 629 828 τδν
642 763 740 830 πάντα
761 767 850 833 όντας
864 767 986 848 χρόνον,
1007 768 1221 850 στρατεύουσιν
1235 765 1284 832 ἐπ’

132 866 248 933 αὑτούς.
286 869 371 934 ὄντες
386 870 419 932 δὲ
434 870 547 952 ἀριθμῷ
559 871 616 948 μὲν
627 869 662 938 οὑ
673 870 807 947 πλείους,
823 871 912 957 ἀρετῇ
924 873 956 935 δέ
971 869 1022 935 καί
1036 871 1114 936 πολὺ
1130 871 1286 951 ἀμείνονες
1320 882 1346 919 ·’

135 972 221 1037 ὄντες
244 972 281 1059 τῇ
305 972 440 1058 σφετέρη
459 978 574 1049 νικῶσι,
591 974 641 1038 καὶ
661 974 858 1053 ἐπολιόρκουν
876 974 1183 1055 κατακεκλασμένους
1200 977 1231 1042 ἐς
1250 981 1285 1039 τδ

134 1078 243 1155 τεῖχος.
287 1073 335 1163 (2)
357 1078 392 1140 τδ
407 1078 440 1140 δὲ
456 1077 602 1151 ἐντεῦθεν,
618 1077 653 1144 οὑ
667 1075 725 1158 γάρ
740 1102 769 1140 τι
782 1082 842 1143 τῶν
856 1082 919 1147 τοῖς
935 1079 1103 1158 ἀνθρόποις
1117 1079 1285 1160 εὑρημένων

134 1179 164 1244 ἐς
187 1180 366 1260 πολιορκίαν
387 1181 417 1247 οἰ
440 1178 615 1260 Μεσσήνιοι
640 1182 797 1262 παρίεσαν,
815 1182 897 1246 ἀλλά
920 1184 968 1246 καὶ
992 1185 1137 1260 κλίμακας
1159 1207 1284 1265 προστι-

132 1281 236 1350 θέντες
251 1285 411 1364 ἐπειρῶντο
425 1285 621 1365 ὑπερβαίνειν
636 1287 667 1352 ἐς
686 1286 742 1364 τὴν
761 1287 854 1349 πόλιν
877 1284 925 1350 καί
947 1287 1128 1368 ὑπώρυσσον
1151 1286 1284 1353 κάτωθεν

132 1387 168 1449 τδ
188 1391 298 1470 τεῖχος,
315 1386 514 1470 μηχανήματά
533 1415 575 1464 τε,
592 1391 682 1453 όποῖα
705 1391 775 1469 ἐνῆν
797 1390 833 1453 δι’
857 1390 963 1472 ὀλίγου
985 1388 1284 1470 παρασκευάσασθαι,

134 1492 381 1573 προσαγαγόντες
404 1493 457 1557 ἀεί
479 1517 509 1556 τι
532 1490 666 1572 ἤρειπον.
712 1493 863 1558 δείσαντεςΙ
882 1497 916 1559 δέ
939 1495 968 1559 οἰ
990 1495 1076 1559 ἔνδον
1092 1493 1134 1572 μὴ
1150 1494 1283 1572 ἀλούσης

133 1597 186 1672 τῆς
202 1595 319 1662 πόλεως
338 1595 425 1660 αὑτοί
447 1621 480 1660 τε
500 1597 675 1661 ἀπόλωνται
697 1593 745 1661 καί
760 1599 792 1660 αἱ
806 1596 944 1679 γυναῖκές
960 1605 1054 1679 σφισι
1071 1599 1120 1661 καὶ
1135 1597 1164 1660 οἰ
1180 1603 1284 1666 παῖδες

133 1696 458 1779 ἐξανδραποδισθῶσιν,
475 1701 594 1764 εἴλοντο
609 1701 753 1766 ἀπελθεῖν
772 1701 968 1767 ὑπόσπονδοι.
1013 1699 1062 1788 (3)
1084 1701 1134 1766 καί
1148 1702 1285 1766 ἐνιαυτδν

132 1803 188 1880 μὲν
210 1802 345 1881 μάλιστα
372 1805 401 1868 οἰ
427 1801 603 1883 Μεσσήνιοι
629 1803 779 1888 κατέσχον
801 1804 856 1884 τὴν
878 1806 970 1869 πόλιν
993 1806 1041 1869 καὶ
1064 1803 1207 1885 ἐνέμοντο
1229 1805 1284 1884 τὴν

132 1905 243 1988 χῶραν.
287 1908 329 1991 τῷ
349 1910 380 1971 δέ
406 1907 466 1971 έτει
490 1907 532 1992 τφ
555 1907 670 1992 ὑστέρῳ
693 1908 816 1986 δύναμιν
838 1910 867 1972 οἰ
888 1908 1070 1990 Ἀκαρνᾶνες
1093 1908 1154 1972 ἀπὸ
1175 1914 1285 1973 πασῶν

133 2009 336 2089 συλλέξαντες
352 2017 412 2076 τῶν
426 2013 548 2078 πόλεων
563 2011 766 2092 ἐβουλεύοντο
778 2012 828 2076 ἐπὶ
840 2011 895 2090 τὴν
907 2012 1089 2078 Ναύπακτον
1100 2013 1282 2093 στρατεύειν.

133 2115 182 2176 καὶ
205 2120 291 2178 τοῦτο
314 2120 370 2195 μὲν
394 2114 541 2195 ἀπέδοξεν
563 2115 673 2194 αὑτοῖς,
688 2114 744 2196 τήν
763 2141 796 2180 τε
816 2116 939 2197 πορείαν
956 2117 1077 2197 δρῶσιν,
1093 2117 1146 2179 ότι·
1156 2116 1284 2180 ἔσεσθαι

132 2217 171 2280 δι’
186 2220 333 2283 Αἰτωλῶν
349 2220 461 2298 ἔμελλε
477 2220 632 2299 πολεμίων
648 2220 696 2284 ἀεί
710 2245 784 2284 ποτε
799 2221 905 2297 όντων,
919 2221 968 2283 καὶ
980 2219 1041 2296 ἀρα
1055 2221 1123 2286 τοὺς
1139 2223 1282 2284 Ναυπακ-

132 2321 211 2388 τίους
227 2324 393 2401 κεκτῆσθαί
405 2349 434 2388 τι
452 2323 590 2388 ναυτικὸν
610 2324 797 2402 ὑπόπτευον,
813 2325 917 2403 ὥσπερ
932 2348 968 2404 γε
984 2321 1033 2386 καὶ
1048 2323 1138 2402 εἶχον·
1163 2324 1283 2403 ἐπικρα-

132 2426 261 2492 τούντων
284 2431 316 2493 δὲ
342 2428 464 2493 ἐκείνων
486 2431 539 2506 τῆς
562 2426 722 2507 θαλάσσης
744 2428 797 2491 οὑκ
820 2428 931 2491 ἐνεῖναι
947 2425 1191 2509 κατεργάσασθαι
1205 2425 1284 2509 μέγα

133 2529 218 2594 οὐδὲν
241 2532 358 2613 στροτφ
381 2531 469 2617 πεζῷ.
515 2527 562 2616 (4)
581 2531 844 2612 μετεβεβούλευτό
864 2555 896 2594 τε
918 2529 954 2610 δή
976 2538 1088 2612 σφισιν
1109 2531 1214 2596 αὑτίκα
1234 2530 1283 2595 καί

132 2632 182 2698 ἐπὶ
198 2636 393 2714 Μεσσηνίους
407 2637 566 2718 τρέπονται
582 2636 650 2703 τοὺς
665 2636 697 2700 ἐν
713 2635 878 2702 Οἰνιάδαις.
923 2635 973 2698 καὶ
989 2636 1018 2697 οἰ
1032 2638 1089 2711 μὲν
1105 2634 1144 2701 ὣς
1158 2641 1282 2716 πολιορ-

132 2738 276 2816 κήσοντες
298 2739 564 2822 παρεσκευάζοντο·
589 2739 623 2802 οὑ
644 2738 702 2822 γάρ
724 2764 799 2804 ποτε
820 2736 1039 2819 ὑπελάμβανον
1059 2738 1168 2819 ἄνδρας
1191 2739 1283 2807 οὑτως

131 2842 252 2925 όλίγους
268 2845 298 2911 ἐς
313 2848 459 2908 τοσοῦτον
479 2844 621 2909 ἀπονοίας
641 2842 725 2922 ἥξειν
741 2842 780 2911 ῶς
802 2842 999 2925 μαχέσασθαι
1015 2842 1088 2921 πρὸς
1105 2842 1159 2922 τὴν
1174 2842 1283 2925 Ἀκαρ-

132 2947 229 3011 νάνων
245 2946 385 3011 ἀπάντων
397 2946 548 3028 στρατιάν.
594 2949 622 3011 οἰ
638 2947 671 3012 δὲ
686 2944 860 3025 Μεσσήνιοι
875 2944 1147 3026 προητοιμασμένοι
1163 2949 1219 3024 μὲν
1235 2943 1283 3010 καί

132 3053 217 3113 σῖτον
242 3049 290 3114 καί
315 3053 353 3113 τά
376 3049 459 3114 άλλα
486 3050 565 3130 ἦσαν
589 3051 688 3115 ὁπόσα
715 3052 793 3116 εἰκδς
815 3049 861 3129 ἦν,
885 3053 1064 3132 πολιορκίας
1083 3048 1283 3132 πειράσεσθαι

130 3152 313 3235 μακροτέρας
340 3156 522 3233 ἐλπίζοντες·
542 3151 590 3242 (5)
614 3155 780 3235 παρίστατο
798 3156 831 3219 δέ
855 3160 948 3233 σφισι
969 3159 1027 3236 πρὸ
1042 3156 1095 3231 τῆς
1109 3154 1283 3232 μελλούσης

130 3259 303 3338 πολιορκίας
329 3261 432 3339 ἀγῶνα
456 3261 488 3322 ἐκ
512 3265 564 3322 τοὺ
585 3262 718 3340 φανεροῦ
739 3257 937 3338 ποιήσασθαι,
952 3262 1025 3338 μηδὲ
1048 3260 1136 3324 ὄντας
1152 3263 1283 3337 Μεσση-

130 3361 221 3440 νέους,
235 3362 263 3425 οδ
284 3365 359 3442 μηδὲ
385 3365 628 3444 Λακεδαιμονίων
654 3363 767 3447 ἀνδρίᾳ,
790 3361 866 3448 τύχῃ
890 3365 922 3427 δὲ
945 3361 1172 3440 ἠλαττώθησαν,
1195 3388 1282 3427 κατα-

131 3469 306 3549 πεπλῆχθαι
322 3466 375 3529 τδν
396 3466 507 3545 ἥκοντα
527 3467 623 3549 όχλον
647 3462 682 3543 ἐξ
695 3463 900 3545 Ἀκαρνανίας.
945 3465 980 3528 τό
1003 3490 1034 3528 τε
1060 3464 1228 3542 Ἀθηναίων
1250 3465 1282 3529 ἐν

131 3572 296 3649 Μαραθῶνι
311 3569 401 3651 έργον
423 3569 688 3650 ἀνεμιμνήσκοντο,
703 3567 742 3636 ῶς
762 3566 901 3649 μυριάδες
926 3567 1083 3650 τριάκοντα
1107 3567 1283 3652 ἐφθάρησαν

129 3678 190 3737 τῶν
205 3671 320 3751 Μήδων
333 3673 393 3737 ὑττδ
408 3674 522 3753 ἀνδρῶν
537 3672 605 3738 οὑδέ
621 3673 652 3739 ἐς
667 3672 788 3754 μυρίους
806 3672 941 3752 ἀριθμόν.
986 3668 1035 3758 (6)
1050 3672 1230 3737 καθίσταντό
1249 3697 1282 3738 τε

130 3777 166 3856 δὴ
191 3782 255 3843 τοῖς
280 3776 465 3859 Ἀκαρνᾶσιν
492 3779 523 3845 ἐς
549 3777 661 3859 ἀγῶνα,
689 3776 738 3841 καὶ
768 3778 784 3840 δ
811 3778 922 3859 τρόπος
950 3774 1071 3858 λέγεται
1100 3778 1154 3854 τῆς
1183 3774 1282 3858 μάχης

129 3881 274 3963 γενέσθαι
292 3883 422 3945 τοιόσδε.
471 3881 500 3944 οἱ
515 3883 580 3960 μέν,
596 3879 649 3944 άτε
665 3877 775 3958 πλήθει
790 3885 971 3961 προέχοντες
984 3880 1074 3958 πολύ,
1090 3879 1125 3943 οὑ
1138 3885 1282 3962 χαλεπῶς

128 3984 337 4067 περιέβαλλον
351 3984 420 4050 τοὺς
438 3984 640 4062 Μεσσηνίους,
656 3982 737 4062 πλὴν
752 3984 828 4050 όσου
844 3985 875 4047 αἰ
891 3984 983 4046 πύλαι
998 4008 1032 4047 τε
1047 3984 1191 4066 ἀπεῖργον
1206 3985 1281 4047 κατά

129 4089 224 4153 νότου
238 4094 301 4154 ταῖς
317 4088 507 4167 Μεσσηνίοις
520 4087 677 4168 γινόμενοι
692 4084 742 4151 καί
762 4089 791 4150 οἰ
813 4088 873 4151 ἀπὸ
894 4087 1014 4169 τείχους
1036 4091 1097 4152 ταῖς
1119 4085 1281 4168 σφετέροις

128 4191 285 4272 προθύμως
300 4191 471 4272 ἀμύνοντες·
492 4189 583 4276 ταύτῃ
607 4194 663 4270 μὲν
687 4191 723 4269 δὴ
748 4190 789 4270 μὴ
809 4193 1028 4273 περισχεθῆναι
1050 4194 1135 4271 σφᾶς
1157 4192 1279 4256 ἐκόλυε·

128 4301 165 4358 τά
195 4299 229 4362 δέ
258 4300 374 4378 πλευρά
409 4296 565 4377 ἀμφότερα
595 4295 804 4361 ἐκυκλύσαντο
834 4296 931 4361 αὑτῶν
960 4297 990 4359 οἰ
1019 4293 1202 4377 Ἀκαρνᾶνες
1231 4295 1280 4359 καὶ

128 4400 320 4478 ἐσηκόντιζον
344 4400 545 4482 πανταχόθεν.
589 4394 638 4486 (7)
661 4401 689 4463 ol
705 4401 737 4462 δὲ
753 4400 926 4476 Μεσσήνιοι
946 4397 1201 4481 συνεστραμμένοι
1215 4399 1279 4480 μετ’

127 4503 283 4585 ἀλλήλων,
301 4505 393 4570 ὁπότε
419 4504 520 4586 ἀθρόοι
544 4508 607 4571 τοῖς
631 4503 815 4587 Ἀκαρνᾶσιν
837 4503 1007 4585 ἐμπέσοιεν,
1032 4500 1202 4587 ἐτάρασσον
1222 4505 1281 4583 μὶν

696 4625 711 4672 I
