3000 5046
147 371 262 438 ΒΗΛ]
564 360 895 420 BIOGRAPHICAL.
1240 374 1299 437 257

192 571 248 625 42.
270 560 357 624 Plut.
370 558 486 625 Ρναοο.
501 557 574 624 θον.
585 557 677 642 άοὶρ.
694 579 733 622 10
747 553 838 645 (Είά.
853 558 915 640 805
927 554 989 644 C):
1011 561 1055 621 Τὸ
1070 555 1198 641 μὲνγὰρ
1214 558 1299 641 ἀνδρὶ

150 667 273 751 χρηστῷ
297 715 304 731 .
328 714 336 730 .
360 713 368 730 .
391 663 627 750 προσμάχεσθαι
657 663 732 729 κατὰ
762 665 886 745 φθόνον,
919 663 957 728 ὧς
988 665 1135 741 Περικλεῖ
1164 662 1300 742 Σιμμίας,

149 767 307 849 Ἀλκμέων
322 772 354 833 δέ
372 772 585 851 Θεμιστοκλεῖ,
608 816 616 833 .
641 814 649 832 .
673 815 681 832 .
704 767 773 833 ούτε
795 773 869 849 πρδς
890 764 983 846 δόξαν
1005 771 1099 830 καλὸν
1121 766 1181 830 οὔτ’
1198 767 1301 833 άλλως

151 873 316 954 συμφέρον.

195 1003 249 1058 43.
272 992 327 1058 Ιά.
349 993 390 1058 de
411 991 487 1058 οωὶά.
513 1007 553 1073 15
577 988 666 1075 (Elh.
683 993 747 1076 605
763 990 825 1080 E):
849 992 907 1055 Καὶ
932 991 992 1072 μὴν
1023 993 1237 1071 Θεμιστοκλῆς
1267 991 1302 1054 ού

151 1097 207 1177 τήν
222 1099 255 1164 ἐν
269 1102 331 1165 τοῖς
340 1097 478 1177 Ἕλλησι
492 1096 584 1177 δόξαν
601 1098 707 1179 φνγδν
725 1097 884 1176 ἀπέβαλεν
906 1097 989 1160 άλλδ
1010 1095 1065 1175 τὴν
1087 1097 1120 1162 ἐν
1140 1102 1203 1162 τοῖς
1223 1101 1301 1177 βορ-

152 1201 259 1283 βάροις
277 1202 463 1284 προσέλαβε·
495 1198 543 1266 καὶ
561 1201 656 1268 ούδείς
674 1203 759 1267 ἐστιν
778 1201 870 1267 οὕτως
891 1201 1072 1282 ἀφιλότιμος
1087 1197 1149 1265 οὐδ’
1164 1197 1303 1281 ἀγεννής,

152 1304 185 1372 δς
206 1310 327 1386 μᾶλλον
349 1304 387 1370 δν
410 1306 558 1386 ἐβούλετο
573 1303 738 1384 Λεωβάτης
761 1306 778 1368 δ
799 1304 993 1388 γραψάμενος
1011 1301 1029 1383 ῆ
1050 1306 1263 1383 Θεμιστοκλῆς
1286 1305 1302 1366 δ

152 1410 350 1493 φυγαδευθεὶς
372 1409 456 1475 εἶναι.

555 1570 623 1636 Hie
644 1575 718 1657 ςίογ
739 1571 782 1637 in
804 1572 902 1638 Asia.

197 1719 253 1774 44.
279 1707 388 1775 Schol.
407 1709 450 1775 ad
469 1708 527 1774 Ar.
545 1708 604 1795 Eq.
622 1708 683 1789 84:
707 1714 922 1792 Θεμιστοκλῆς
936 1707 967 1795 (δ
984 1707 1255 1794 καταναυμαχήσας
1271 1709 1305 1774 ἐν

155 1813 191 1900 τῇ
206 1813 274 1896 περὶ
289 1817 447 1893 Σαλαμῖνα
459 1817 609 1900 ναυμαχίη
621 1815 691 1883 τοὺς
702 1815 889 1898 βαρβάρους,
903 1815 957 1880 εἶθ
967 1817 1094 1896 ύστερον
1106 1808 1305 1898 φυγαδευθεὶς

154 1919 214 1982 ύπδ
235 1925 294 1985 τῶν
319 1916 501 2005 Ἀθηναίων)
525 1920 575 1983 ἐπὶ
595 1921 758 2002 προδοσίας
782 1921 865 2004 οίτία
887 1923 1005 2002 ψευδεῖ,
1027 1919 1209 2001 καταφυγὼν
1230 1922 1305 1997 πρὸς

155 2021 356 2104 Ἀρτοξέρξην
370 2029 425 2088 τδν
440 2022 555 2104 Ξέρξου
572 2028 675 2101 παῖδα,
694 2026 743 2087 καὶ
764 2020 898 2103 τιμηθείς
919 2022 957 2086 τὰ
977 2024 1108 2106 μέγιστα
1130 2021 1200 2104 παρ’
1216 2021 1306 2085 αὐτοῦ

155 2125 210 2211 (ὣς
227 2128 275 2190 καὶ
288 2131 368 2210 τρεῖς
383 2128 489 2192 πόλεις
502 2128 545 2193 είς
557 2129 640 2203 ὄψον
652 2124 699 2191 καί
712 2128 802 2208 άρτον
814 2125 862 2191 καί
874 2127 968 2192 πάτον
981 2132 1102 2207 λαβεῖν,
1112 2126 1306 2207 Μαγνησίαν,

158 2235 309 2306 Μυοῦντα,
332 2228 525 2313 Λάμψακον),
548 2232 751 2314 ἐπηγγείλατο
773 2231 853 2317 αὐτῷ
878 2231 913 2296 τὸ
936 2231 1226 2296 καταδουλώσασθαι
1251 2228 1306 2306 τήν

156 2333 303 2414 Ἐλλάδα,
317 2336 440 2414 δύναμιν
458 2336 485 2399 εί
501 2331 605 2415 λάβοι.
650 2336 893 2418 παραγενόμενος
910 2339 944 2401 δέ
962 2334 1038 2422 (άμα
1052 2337 1094 2420 τῷ
1110 2332 1307 2414 στρατεύματι

159 2442 200 2506 είς
216 2435 412 2525 Μαγνησίαν)
429 2435 477 2502 καί
493 2437 656 2521 καταγνοὺς
671 2442 785 2516 ἐαυτοῦ,
801 2441 828 2504 εί
844 2440 881 2503 δι’
892 2439 983 2504 αὐτὸν
995 2437 1145 2506 σωθέντες
1154 2435 1308 2513 Ἕλληνες

158 2541 197 2606 δι’
215 2542 306 2607 αὐτοῦ
326 2542 524 2607 δουλεύσουσι
542 2543 723 2625 βαρβάροις,
746 2543 900 2628 προφάσει
925 2541 1116 2626 χρησάμενος
1140 2542 1180 2609 ὡς
1199 2541 1308 2604 θυσίαν

159 2646 334 2712 ἐπιτελέσαι
353 2646 501 2725 βούλοιτο
519 2651 568 2710 καὶ
590 2647 783 2730 ίερουργῆσοι
798 2647 835 2733 τῇ
851 2648 1020 2728 Λευκάφρυϊ
1034 2644 1185 2727 Ἀρτέμιδι
1201 2650 1307 2708 κολου-

159 2750 244 2837 μένη,
261 2750 302 2835 τῷ
325 2750 423 2834 ταύρῳ
444 2750 567 2817 ὑποθεὶς
588 2750 643 2830 τὴν
666 2750 782 2832 φιάλην
805 2749 854 2816 καὶ
875 2748 1095 2829 ὑποδεξάμενος
1114 2756 1149 2813 τὸ
1167 2749 1240 2828 οἶμα
1258 2748 1307 2811 καὶ

160 2853 273 2935 χανδὸν
302 2853 379 2917 πιὼν
408 2853 605 2934 ἐτελεύτησεν
636 2853 754 2921 εὐθέως.
808 2857 837 2919 οί
864 2853 898 2919 δέ
923 2862 1021 2935 φασιν
1048 2853 1095 2916 ὅτι
1121 2852 1265 2917 συνειδὼς
1291 2850 1308 2912 ά

162 2959 374 3035 Θεμιστοκλῆς
400 2957 447 3020 ὅτι
472 2956 528 3041 ούχ
553 2957 617 3025 οἶός
642 2984 676 3022 τε
700 2957 737 3039 ήν
764 2957 986 3041 διαπράξασθαι
1012 2959 1054 3043 τῷ
1080 2959 1210 3037 βασιλεῖ
1232 2954 1308 3036 άπερ

161 3063 371 3144 ἐπηγγείλατο,
387 3062 480 3128 ούτως
499 3061 549 3126 ἐπὶ
567 3061 622 3141 τὴν
639 3067 693 3126 τοῦ
710 3062 840 3127 θανάτου
860 3065 980 3143 αίρεσιυ
1002 3059 1192 3142 παρεγένετο.
1219 3057 1243 3146 (.
1267 3107 1275 3124 .
1300 3104 1308 3121 .

157 3163 290 3231 Ἀλλως.
326 3168 402 3244 μετδ
416 3167 472 3244 τὴν
487 3162 606 3245 Ξέρξου
619 3165 720 3248 φυγὴν
735 3166 966 3245 Λακεδαιμόνιοι
986 3165 1153 3247 προδοσίας
1175 3165 1309 3245 κρίνουσι

162 3266 210 3332 καὶ
226 3268 388 3350 φονεύουσι
401 3269 580 3334 Παυσανίου
594 3275 647 3335 τὸν
660 3270 737 3333 ἴδιον
751 3269 896 3349 βασιλέα,
909 3269 1125 3350 Κλεομβρότου
1138 3269 1186 3332 καὶ
1198 3266 1310 3331 Ἀλκα-

162 3371 316 3436 θόοςυίάν.
335 3373 480 3436 ἐπικότως
489 3374 522 3434 δὲ
532 3373 714 3452 διακείμενοι
727 3379 800 3454 πρὸς
811 3374 1024 3451 Θεμιστοκλέα
1034 3371 1082 3436 διὰ
1092 3377 1144 3436 τὸν
1153 3377 1310 3454 τειχισμὸν

161 3476 213 3550 τῆς
227 3473 374 3550 Ἀττικῆς,
390 3472 648 3553 μεταστέλλονται
663 3476 751 3539 ούτὸν
767 3477 809 3541 είς
825 3476 933 3557 κρίσιν,
946 3475 1117 3556 φάσκοντες
1133 3475 1311 3539 Παυσανίαν

163 3575 390 3658 ὡμολογηκέναι
413 3577 461 3639 καὶ
485 3575 574 3640 ούτδν
597 3582 751 3643 κοινωνεῖν
774 3581 807 3643 ἐν
829 3579 1042 3662 τῆπροδοσίᾳ.
1088 3576 1257 3657 Ἀθηναίων
1278 3579 1311 3642 δὲ

161 3680 358 3761 βουλομένων
379 3677 583 3744 άποστέλλειν
606 3680 705 3759 αὐτόν,
728 3683 832 3764 φνγδν
856 3681 909 3763 ῆκε
932 3688 1006 3763 πρὸς
1031 3678 1240 3764 Ἀρταξέρξην,
1263 3682 1311 3745 καὶ

164 3784 303 3864 Μηδικήν
318 3784 423 3866 φωνήν
437 3783 540 3864 μοθδιν
555 3782 691 3863 ἐδίδαξεν
706 3785 797 3849 αύτδν
810 3790 874 3853 πῶς
886 3785 986 3850 ἐσωσε
997 3785 1050 3850 τὸν
1064 3784 1179 3866 πατέρα
1194 3781 1312 3866 Ξέρξην

162 3889 203 3967 μὴ
223 3887 423 3971 συγχωρήσας
444 3892 508 3954 τοῖς
519 3885 656 3967 Ἕλλησι
678 3894 821 3954 διαλῦσαι
842 3889 881 3954 τά
903 3891 953 3954 ἐπὶ
975 3893 1096 3968 Σηστοῦ
1118 3889 1167 3953 καὶ
1180 3888 1313 3969 Ἀβύδου

163 3992 370 4072 διοζεύγματα.
416 3988 466 4072 ἐφ’
482 3993 528 4057 οῐς
545 3991 767 4074 εὐχαριστήσας
784 3995 800 4056 ά
814 3993 965 4074 βασιλεὺς
981 3997 1119 4073 δωρεῖται
1139 3993 1216 4078 αύτῷ
1234 3995 1313 4074 τρεῖς

164 4096 278 4172 πόλεις,
295 4096 476 4176 Μαγνησίαν
496 4097 539 4161 είς
559 4099 653 4171 σῖτον,
670 4095 840 4179 Λάμψακον
855 4099 897 4164 είς
914 4097 1006 4175 οἶνον,
1022 4100 1165 4162 Μυοῦντα
1180 4099 1222 4164 είς
1237 4097 1312 4178 ὄψα,

165 4197 202 4264 ὥς
226 4200 257 4262 δὲ
281 4197 429 4276 Νεάνθης,
453 4199 502 4263 καὶ
526 4199 689 4281 Περκιύτηυ
711 4202 754 4267 είς
777 4200 936 4283 στρωμνὴν
959 4198 1008 4265 καί
1024 4201 1246 4282 Παλαίσκηψιν
1269 4201 1313 4266 είς
1402 4244 1405 4249 -

164 4302 287 4379 στολήν.
333 4307 462 4382 στρατὸν
481 4304 514 4366 δέ
534 4303 641 4383 λαβὼν
663 4303 752 4368 αὐτοῦ
774 4304 824 4367 ἐπὶ
846 4303 993 4386 πορθήσει
1007 4307 1059 4380 τῆς
1072 4300 1230 4380 Ἑλλάδος,
1246 4300 1313 4384 περὶ

164 4405 219 4483 τήν
233 4402 350 4467 Ἰωνίαν
373 4407 406 4469 ἐν
429 4407 594 4489 Μαγνησίᾳ
616 4407 787 4488 γενόμενος,
804 4408 891 4486 θύων,
906 4408 945 4473 ὣς
965 4410 1079 4490 είρηται
1095 4409 1166 4487 άνω,
1180 4407 1315 4493 τελευτᾷ,

166 4507 215 4573 καί
237 4512 313 4591 μετὰ
340 4510 468 4575 θάνατον
494 4517 548 4577 τὸν
572 4509 808 4596 μισοβάρβαρον
833 4513 1055 4591 ἐνδεικνύμενος
1078 4515 1200 4596 τρόπον.
1247 4518 1317 4578 λοι·

728 4633 746 4682 Β
