3000 5046
216 385 275 463 164
427 383 657 443 EXTERNAL
683 381 880 441 HISTORY
903 382 961 440 OF
980 380 1164 450 AYHENS,
1228 388 1291 454 [oh.
1305 386 1370 437 1112

213 584 262 647 καὶ
286 579 524 661 καταντήσαντες
548 581 592 647 είς
616 579 671 659 τήν
690 578 825 661 Σύβαριν
841 576 962 656 ἐζήτουν
975 584 1029 642 τδν
1043 579 1146 654 τόπον,
1162 576 1198 642 δν
1213 579 1230 641 ά
1245 582 1313 643 θεδς
1329 576 1368 657 ἦν

213 686 427 769 προστεταχὼς
449 689 607 749 κατοικεῖν.
651 680 699 770 (6)
721 684 858 766 εὑρόντες
878 687 911 749 δὲ
931 683 983 747 οὐκ
999 686 1121 748 άπωθεν
1134 685 1188 759 τῆς
1203 680 1365 766 Συβάρεως

215 787 325 871 κρήνην
340 786 563 867 ὀνομαζομένην
575 788 716 868 Θουρίαν,
730 786 864 871 έχουσαν
878 787 972 851 αὒλδν
987 786 1129 872 χάλκεον,
1142 785 1177 850 δν
1192 784 1321 851 ἐκάλουν
1336 788 1365 850 οί

214 894 354 976 ἐγχώριοι
368 892 518 974 μέδιμνον,
534 891 710 971 νομίσαντες
725 891 803 957 εῖναι
818 894 923 956 τοῦτον
938 897 991 956 τδν
1004 892 1099 956 τύπον
1113 896 1166 956 τδν
1182 891 1365 970 δηλούμενον

211 998 270 1062 ύπδ
285 1000 337 1061 τοῖν
352 1001 422 1061 θεοῦ
437 995 625 1078 περιέβαλον
639 999 750 1079 τεῖχος,
767 991 816 1058 καί
831 994 987 1062 κτίσαντες
1008 996 1101 1059 πόλιν
1124 994 1286 1075 ὠνόμασαν
1304 994 1364 1057 άπδ

211 1105 265 1179 τῆς
289 1099 398 1183 κρήνης
423 1100 564 1182 Θούριον.
609 1095 657 1185 (7)
679 1098 734 1176 τὴν
757 1102 790 1164 δὲ
810 1099 904 1162 πόλιν
924 1100 1093 1179 διελόμενοι
1114 1098 1189 1163 κατά
1203 1102 1259 1179 μὲν
1271 1100 1365 1179 μῆκος

212 1205 256 1271 είς
280 1204 422 1286 τέτταρας
446 1203 600 1280 πλατείας,
614 1205 657 1267 ῶν
679 1207 806 1266 καλοῦσι
827 1201 881 1280 τὴν
896 1206 951 1282 μὲν
966 1205 1038 1283 μίαν
1050 1198 1247 1286 Ἡράκλειαν,
1261 1201 1316 1281 τήν
1331 1207 1364 1268 δὲ

211 1306 421 1389 Ἀφροδισίαν,
431 1306 486 1386 τήν
495 1310 528 1372 δέ
536 1304 736 1387 Ὀλυμπιάδα,
749 1304 804 1385 τήν
814 1309 847 1371 δέ
860 1304 1055 1379 Διονυσιάδα,
1065 1304 1140 1370 κατὰ
1151 1308 1183 1370 δέ
1199 1311 1233 1369 τδ
1247 1305 1364 1373 πλάτος

213 1416 327 1475 διεῖλον
351 1413 393 1477 είς
414 1416 492 1492 τρεῖς
512 1412 668 1487 πλατείας,
684 1411 726 1473 ῶν
740 1407 758 1487 ἡ
774 1412 831 1487 μὲν
846 1408 1007 1489 ὠνομάσθη
1023 1406 1171 1495 Ἡρῴα,ή
1188 1411 1221 1474 δέ
1237 1411 1363 1492 Θουρία,

210 1513 229 1593 ἡ
247 1517 279 1578 δὲ
299 1517 442 1595 Θουρῖνα.
484 1512 595 1577 τούτων
611 1516 643 1577 δέ
665 1516 725 1574 τῶν
740 1518 906 1576 στενωπῶν
919 1511 1163 1591 πεπληρωμένων
1178 1515 1241 1577 ταῖς
1256 1511 1362 1579 οίκίαις

211 1618 229 1698 ή
262 1620 352 1684 πόλις
382 1617 524 1700 ἐφαίνετο
548 1622 648 1683 καλῶς
672 1613 921 1680 κατεσκευάσθαι.
965 1613 1035 1702 (11)
1058 1616 1164 1698 ὀλίγον
1190 1620 1222 1682 δέ
1251 1617 1364 1698 χρόνον

212 1720 432 1801 δμονοήσαντες
447 1723 477 1785 οί
494 1719 617 1804 Θούριοι
634 1717 742 1784 στάσει
756 1718 875 1806 μεγάλῃ
896 1718 1078 1802 περιέπεσον
1092 1722 1143 1785 οὐκ
1159 1722 1287 1803 ἀλόγοις.
1333 1722 1362 1784 οί

212 1829 271 1909 γὰρ
295 1826 538 1909 προϋπάρχοντες
555 1828 722 1905 Συβαρῖται
737 1823 790 1889 τάς
804 1827 860 1902 μέν
876 1820 1118 1906 ἀξιολογωτάτας
1136 1823 1231 1908 άρχάς
1247 1827 1362 1890 ἑαυτοῖς

211 1930 408 2013 προσένεμον,
423 1933 476 1995 τὰς
490 1925 517 1993 δ’
532 1928 664 1994 εὐτελεῖς
679 1931 741 1993 τοῖς
757 1929 883 2009 ὕστερον
898 1928 1197 2010 προσγεγραμμένοις
1212 1928 1360 1994 πολίταις·

211 2031 260 2098 καὶ
285 2032 339 2099 τάς
364 2038 506 2116 γυναῖκας
530 2032 665 2098 ἐπιθύειν
687 2036 750 2097 τοῖς
776 2035 857 2097 θεαῖς
880 2030 975 2116 φοντο
999 2036 1063 2096 δεῖν
1089 2032 1207 2113 πρῶτος
1232 2036 1288 2112 μὲν
1309 2035 1362 2099 τὰς

212 2122 379 2213 πολίτιδας,
395 2137 520 2218 ὑστέρας
541 2140 572 2203 δέ
596 2135 651 2202 τὰς
674 2134 938 2218 μεταγενεστέρας·
962 2141 1035 2218 πρὸς
1056 2140 1088 2202 δέ
1108 2136 1222 2202 τούτοις
1236 2137 1292 2215 τήν
1306 2140 1362 2215 μέν

212 2242 360 2324 σύνεγγυς
385 2240 422 2327 τῇ
446 2242 534 2305 πόλει
558 2240 660 2321 χῶραν
686 2239 946 2323 κατεκληρούχουν
973 2242 1099 2316 ἑαυτοῖς,
1123 2240 1178 2318 τήν
1201 2245 1234 2305 δὲ
1260 2241 1360 2324 πάρριρ

211 2345 349 2425 κειμένην
364 2348 425 2410 τοῖς
441 2342 582 2423 ἐπήλυσι.
628 2340 677 2430 (2)
699 2343 859 2425 γενομένης
872 2346 905 2408 δέ
917 2347 1063 2424 διαφορῶς
1074 2341 1124 2407 διὰ
1135 2342 1187 2409 τάς
1204 2342 1360 2425 είρημένας

210 2448 314 2525 αίτίας,
340 2449 369 2511 οί
394 2446 639 2530 προσγραφέντες
663 2447 788 2529 ὕστερον
817 2450 940 2510 πολῖται
966 2445 1088 2514 πλείους
1118 2445 1166 2511 καὶ
1196 2449 1360 2528 κρείττονες

211 2554 296 2618 ὄντες
323 2551 502 2616 άπέκτειναν
529 2555 641 2635 σχεδδν
667 2550 801 2616 άπαντας
825 2551 892 2616 τοὺς
911 2550 1158 2634 προϋπάρχοντας
1183 2553 1360 2632 Συβαρίτας,

211 2653 259 2719 καὶ
274 2655 329 2735 τὴν
344 2656 435 2719 πόλιν
453 2654 536 2719 αὐτοὶ
557 2652 741 2738 κατῴκησαν.
785 2658 904 2733 πολλῆς
919 2659 951 2720 δὲ
966 2655 1058 2734 ούσης
1077 2657 1126 2719 καὶ
1142 2658 1234 2733 καλῆς
1250 2657 1359 2739 χῶρος,

211 2757 367 2840 οἰκήτορας
384 2762 416 2824 ἐκ
431 2760 483 2835 τῆς
495 2756 647 2824 Ἑλλάδος
661 2757 932 2839 μεταπεμψάμενοι
948 2759 1089 2842 συχνούς,
1107 2760 1290 2838 διενείμαντο
1305 2761 1360 2839 τήν

211 2865 303 2926 πόλιν
318 2864 368 2927 καὶ
383 2863 437 2941 τὴν
452 2863 555 2946 χώραν
575 2862 620 2925 ἐπ’
643 2866 713 2936 ίσης
736 2862 851 2942 ίνεμον.
895 2858 943 2948 (3)
966 2864 996 2925 οί
1019 2867 1052 2929 δὲ
1074 2862 1261 2943 διαμένοντες
1283 2864 1360 2946 ταχὺ

211 2966 359 3033 πλούτους
382 2964 533 3048 μεγάλους
558 2964 732 3046 ἐκτήσαντο,
760 2967 809 3030 καὶ
833 2973 906 3049 πρδς
930 2965 998 3032 τοὺς
1023 2967 1229 3049 Κροτωνιάτας
1252 2970 1360 3048 φιλίαν

211 3068 391 3149 συνθέμενοι
407 3078 506 3137 καλῶς
531 3072 752 3136 ἐπολιτεύοντο.
798 3069 1024 3150 συστησάμενοι
1040 3075 1072 3137 δέ
1087 3073 1254 3151 πολίτευμα
1268 3078 1358 3153 δημο-

211 3180 349 3255 κρατικὸν
366 3178 481 3239 διεῖλον
501 3176 570 3242 τοὺς
590 3176 716 3241 πολίτας
737 3178 779 3241 είς
803 3173 875 3241 δέκα
898 3174 1007 3256 φυλάς,
1023 3171 1140 3242 καὶτὰς
1156 3177 1359 3259 προσηγορίας

203 3278 343 3346 άπάσαις
367 3280 547 3363 περιέθηκαν
566 3281 599 3343 ἐκ
621 3289 681 3346 τῶν
702 3283 806 3356 ἐθνῶν,
826 3283 905 3363 τρεῖς
923 3283 979 3359 μὲν
999 3280 1059 3344 άπδ
1074 3287 1134 3345 τῶν
1149 3282 1181 3343 ἐκ
1199 3285 1359 3344 Πελοπον-

210 3380 305 3461 νήσου
327 3382 538 3466 συναχθέντων
560 3382 764 3460 ὀνομάσαντες
786 3380 917 3466 Ἀρκάδα
940 3380 989 3447 nal
1004 3382 1134 3464 Ἀχαίδα
1157 3381 1204 3447 καὶ
1219 3380 1357 3458 Ἠλείαν,

209 3484 262 3552 τὰς
287 3487 358 3553 ἴσας
384 3492 417 3554 δέ
442 3487 502 3551 άπδ
526 3495 586 3553 τῶν
611 3486 722 3565 ἔξωθεν
749 3488 910 3567 ὁμοεθνῶν,
935 3487 1088 3561 Βοιωτίαν,
1113 3486 1358 3567 Ἀμφικτυονίδα,

201 3591 337 3675 Δωρίδα,
367 3590 420 3656 τὰς
450 3594 483 3656 δέ
513 3593 622 3657 λοιπάς
650 3590 792 3672 τέτταρας
822 3591 881 3654 άπδ
911 3597 972 3655 τῶν
1001 3591 1105 3654 ἄλλων
1131 3598 1238 3670 γενῶν,
1264 3589 1357 3667 Ἰάδα,

207 3693 381 3776 Ἀθηναίδα,
398 3692 543 3776 Εὐβοῖδα,
558 3699 724 3773 Νησιῶτιν.

468 3871 624 3957 δαυιροιι
645 3872 719 3937 ami
741 3872 792 3938 ίδι
814 3871 905 3938 σίδαι·
917 3871 1096 3957 founders.

252 4003 326 4059 ³47.
349 3993 406 4058 Ar.
422 3991 534 4058 Νιιδσο
549 4013 631 4078 331:

209 4100 440 4162 ΣΩΚΡΑΤΗΣ.
463 4098 510 4164 Ού
525 4097 583 4182 γάρ
596 4098 639 4178 μά
658 4097 707 4161 Δι’
723 4098 803 4161 οἶσθ’
823 4097 888 4177 ὁτιὴ
912 4099 1073 4165 πλείστους
1095 4097 1182 4165 οὗτοι
1204 4100 1358 4181 βόσκουσι

295 4201 454 4282 σοφιστάς,

209 4303 454 4385 Θουριομάντεις,
478 4303 681 4387 ίατροτέχνας,
703 4304 1135 4390 σφραγιδονυχαργοκομήτας.

253 4405 360 4472 Schol.
376 4408 422 4473 ad
436 4430 469 4472 v.
486 4427 569 4493 332:
594 4409 838 4490 Θουριομάντεις·
855 4456 862 4472 .
880 4458 888 4474 .
905 4459 912 4473 .
932 4406 1047 4499 ήείπῶν
1060 4410 1119 4494 γάρ
1136 4412 1182 4475 ὅτι
1197 4410 1312 4478 πάντας
1326 4414 1358 4476 αί

208 4511 351 4593 Νεφέλαι
365 4511 510 4596 τρέφουσι
526 4511 593 4578 τοὺς
610 4513 770 4594 σοφιστάς,
787 4512 922 4598 ἐπήγαγε
936 4514 1016 4581 τίνας
1028 4513 1077 4579 καί
1092 4516 1184 4582 τίνος.
1229 4519 1357 4599 Θουριο-
