3000 5046
180 367 296 431 ewa]
446 359 538 418 HER
562 358 718 417 ALLIES
741 358 835 416 ΛΝΒ
863 358 1079 417 COLONIES.
1277 373 1333 434 103

269 652 333 719 Τδο
354 653 490 720 Βοίιιτιι
512 652 551 738 of
568 652 619 718 ίίια
640 650 955 718 ΕαΙιιιθοίοιοιιίαιιο
976 651 1051 717 and
1073 651 1124 717 θιο
1147 649 1245 716 battle

638 763 676 849 of
696 762 866 850 Ταηαηνο.

159 941 163 946 ’
225 933 274 987 91.
298 921 400 987 Τδιιο.
417 922 439 988 i.
463 939 531 1004 107.
548 922 685 1007 3-108.
705 940 733 986 2.

225 1055 280 1108 92.
309 1043 406 1109 Diod.
424 1043 469 1108 xi.
487 1042 547 1106 80:
571 1042 725 1123 Ἀθηναῖοι
746 1046 779 1107 δὲ
802 1045 965 1123 πυθόμενοι
988 1041 1056 1108 τοὺς
1079 1041 1331 1120 Λακεδαιμονίους

179 1150 302 1226 τὸνμὲν
318 1155 391 1231 πρδς
406 1151 522 1214 Φωκεῖς
543 1147 680 1225 πόλεμον
701 1146 945 1226 καταλελυκένοι,
961 1146 1067 1212 αὐτοὺς
1086 1147 1118 1210 δὲ
1132 1145 1261 1224 μέλλειν
1276 1143 1331 1223 τὴν

178 1253 222 1318 είς
238 1251 322 1316 οἶκον
334 1251 482 1317 ἐπάνοδον
493 1256 657 1330 ποιεῖσθαι,
670 1252 808 1333 ἔγνωσαν
820 1250 981 1315 ἐπιθέσθαι
997 1254 1071 1313 κατὰ
1086 1250 1141 1328 τὴν
1159 1249 1330 1329 ὁδοιπορίαν

178 1361 242 1422 τοῖς
266 1358 522 1437 Λακεδαιμονίοις.
568 1354 772 1437 ἐστράτευσαν
798 1354 850 1419 οὖν
879 1355 925 1420 ἐπ’
957 1354 1072 1430 αὐτούς,
1099 1352 1329 1435 παραλαβόντες

178 1458 248 1525 τοὺς
271 1458 425 1542 Ἀργείους
449 1458 497 1524 καὶ
521 1459 703 1524 Θετταλούς·
727 1460 776 1523 καὶ
796 1457 983 1537 πεντήκοντα
996 1462 1053 1537 μὲν
1068 1458 1170 1536 ναυσί,
1183 1455 1329 1536 στρατιά-

178 1589 243 1629 ταις
255 1565 288 1627 δέ
299 1565 413 1645 μυρίοις
423 1565 472 1628 καὶ
482 1564 736 1646 τετρακισχιλίοις
749 1563 998 1644 ἐπιβουλεύοντες
1011 1563 1109 1627 αὐτοῖς
1122 1559 1328 1640 κατελάβοντο

178 1669 232 1734 τὰς
255 1664 323 1748 περὶ
347 1667 401 1746 τὴν
424 1666 584 1748 Γεράνειαν
606 1666 763 1746 παρόδους.
808 1663 856 1753 (2)
880 1667 1110 1744 Λακεδαιμόνιοι
1130 1667 1163 1729 δὲ
1179 1664 1327 1729 πυνθανό-

177 1796 263 1851 μενοι
278 1774 315 1834 τδ
331 1774 405 1834 κατὰ
419 1771 488 1837 τοὺς
501 1769 680 1848 Ἀθηναίους
695 1772 851 1850 παρῆλθον
864 1771 915 1846 τῆς
932 1771 1076 1835 Βοιωτίας
1093 1771 1136 1835 είς
1156 1767 1326 1849 Τάναγραν.

178 1881 238 1939 τῶν
253 1878 286 1940 δέ
301 1873 471 1953 Ἀθηναίων
493 1875 744 1957 παραγενομένων
760 1876 804 1941 είς
827 1875 882 1953 τὴν
906 1876 1052 1937 Βοιωτίαν
1069 1870 1117 1936 καὶ
1132 1870 1326 1954 παρατάξεως

177 1977 350 2060 γενομένης,
366 1980 477 2061 ίσχυρῖι
496 1977 625 2056 συνέστη
641 1976 733 2062 μάχη·
758 1975 806 2041 καὶ
823 1983 882 2041 τῶν
896 1981 953 2057 μὲν
974 1981 1138 2040 Θετταλῶν
1152 1980 1325 2056 μεταβαλο-

177 2081 276 2160 μένων
292 2084 374 2168 ἐντῇ
396 2081 479 2167 μάχη
503 2087 578 2162 πρὸς
602 2081 671 2148 τοὺς
691 2081 949 2161 Λακεδαιμονίους,
965 2088 1025 2145 τῶν
1040 2083 1073 2144 δέ
1087 2077 1256 2157 Ἀθηναίων
1277 2075 1325 2140 καὶ

177 2193 238 2250 τῶν
258 2183 402 2266 Ἀργείων
427 2184 517 2251 οὐδὲν
538 2184 628 2265 ἦττον
654 2185 916 2269 διαγωνιζομένων,
939 2186 1053 2250 έπεσον
1073 2187 1128 2264 μὲν
1151 2184 1201 2247 οὐκ
1225 2183 1325 2266 ὀλίγοι

177 2287 245 2370 παρ’
264 2288 454 2370 ἀμφοτέροις,
478 2288 581 2356 νυκτδς
605 2286 630 2354 δ’
654 2290 864 2370 ἐπιλαβούσης
888 2288 1080 2366 διελύθησαν.
1125 2283 1172 2373 (3)
1193 2289 1270 2364 μετὰ
1292 2288 1325 2351 δέ

176 2398 269 2457 ταῦτα
283 2397 345 2459 τοῖς
358 2390 527 2473 Ἀθηναίοις
543 2393 736 2474 κομιζομένης
756 2394 868 2475 ἀγορᾶς
883 2394 1000 2469 πολλῆς
1015 2394 1048 2455 ἐκ
1063 2392 1115 2467 τῆς
1133 2391 1279 2467 Ἀττικῆς,
1295 2393 1324 2454 οί

176 2493 328 2561 Θετταλοί
351 2499 502 2579 κρίναντες
527 2497 687 2563 ἐπιθέσθαι
712 2496 813 2584 ταύτῃ,
839 2499 892 2574 τῆς
917 2497 995 2577 ὥρας
1017 2494 1323 2576 δειπνοποιησάμενοι

175 2599 279 2665 νυκτὸς
295 2598 433 2676 ἀπήντων
448 2604 511 2666 τοῖς
527 2600 679 2680 κομίζουσι
694 2600 748 2666 τὰς
763 2599 882 2680 ἀγοράς.
928 2597 975 2688 (4)
998 2605 1057 2663 τῶν
1072 2599 1105 2662 δὲ
1125 2604 1323 2679 παραφυλατ-

175 2704 288 2769 τόντων
307 2703 473 2781 Ἀθηναίων
495 2703 682 2787 ἀγνοούντων
710 2701 758 2767 καὶ
784 2701 1036 2784 προσδεξαμένων
1058 2701 1126 2767 τοὺς
1150 2701 1323 2770 Θετταλοὺς

174 2806 213 2873 ὦς
240 2807 360 2887 φίλους,
385 2806 502 2889 συνέβη
529 2803 607 2895 [καὶ]
636 2806 770 2873 πολλοὺς
792 2809 840 2871 καὶ
865 2807 1020 2873 ποικίλους
1043 2806 1159 2888 ἀγῶνας
1181 2803 1323 2887 γενέσθαι

173 2908 241 2993 περὶ
260 2913 313 2988 τῆς
329 2911 449 2993 ἀγορᾶς.
493 2911 528 2974 τὸ
550 2911 685 2993 μὲνγὰρ
708 2918 828 2992 πρῶτον
851 2914 879 2974 οί
905 2911 1067 2986 Θετταλοί,
1081 2907 1322 2990 προσδεχθέντες

172 3015 230 3078 ὑπὸ
246 3020 306 3079 τῶν
320 3014 472 3094 πολεμίων
486 3017 536 3078 διδ
551 3015 606 3094 τὴν
620 3015 756 3098 ἄγνοιαν,
773 3014 906 3079 έκτεινον
925 3013 993 3081 τοὺς
1009 3009 1255 3095 ἐντυγχάνοντας,
1274 3010 1321 3074 καί

173 3117 406 3199 συντεταγμένοι
420 3122 484 3185 τοῖς
500 3117 748 3199 τεθορυβημένοις
764 3118 1006 3197 συμπλεκόμενοι
1028 3115 1163 3183 πολλοὺς
1184 3112 1320 3203 ἀνῄρουν.

172 3216 220 3305 (5)
242 3223 271 3284 οί
287 3224 320 3285 δέ
335 3221 410 3286 κατὰ
425 3221 480 3300 τὴν
494 3222 730 3303 στρατοπεδείαν
745 3223 829 3288 ὄντες
843 3221 1000 3300 Ἀθηναῖοι
1015 3220 1177 3298 πυθόμενοι
1193 3218 1321 3299 τὴντῶν

173 3327 338 3388 Θετταλῶν
366 3326 515 3402 ἐπίθεσιν,
538 3324 612 3403 ἧκον
639 3323 714 3388 κατὰ
738 3321 882 3403 σπουδήν,
911 3321 960 3386 καὶ
983 3323 1051 3389 τοὺς
1083 3321 1257 3389 Θετταλοὺς
1287 3321 1323 3402 ἐξ

172 3427 284 3507 ἐφόδου
308 3427 492 3509 τρεφόμενοι
516 3427 613 3492 πολὺν
636 3428 758 3491 ἐποίουν
777 3427 880 3509 φόνον.
926 3422 973 3514 (6)
995 3424 1267 3506 ἐπιβοηθησάντων
1288 3428 1320 3489 δὲ

172 3536 231 3595 τῶν
259 3533 504 3612 Λακεδαιμονίων
525 3535 588 3597 τοῖς
613 3533 781 3596 Θετταλοῖς
806 3531 1027 3615 συντεταγμένη
1052 3531 1088 3615 τῇ
1114 3528 1246 3607 δυνάμει,
1271 3525 1320 3593 καί

170 3637 233 3700 τοῖς
264 3633 479 3716 στρατοπέδοις
504 3635 590 3700 ὅλοις
615 3633 776 3717 γενομένης
809 3632 1012 3715 παρατάξεως,
1042 3631 1157 3712 συνέβη
1187 3630 1236 3695 διὰ
1265 3631 1320 3710 τὴν

170 3736 334 3818 γενομένην
349 3739 525 3818 φιλοτιμίαν
541 3737 673 3804 πολλοὺς
690 3737 759 3818 παρ’
781 3736 960 3818 ἀμφοτέροις
983 3738 1184 3817 ἀναιρεθῆναι.
1229 3734 1319 3800 τέλος

171 3844 202 3905 δέ
226 3845 278 3919 τῆς
301 3842 400 3923 μάχης
419 3840 587 3922 ἀμφίδοξον
610 3840 767 3919 λαβούσης
787 3841 822 3905 τὸ
843 3841 939 3915 τέλος,
955 3840 1070 3920 συνέβη
1092 3840 1160 3906 τούς
1175 3864 1208 3904 τε
1223 3845 1318 3904 Λακε-

170 3946 339 4024 δαιμονίους
355 3947 588 4027 ἀμφισβητῆσαι
608 3943 676 4026 περί
697 3946 750 4022 τῆς
771 3946 855 4022 νίκης
870 3946 919 4008 καὶ
934 3943 1002 4010 τοὺς
1017 3943 1204 4022 Ἀθηναίους.
1249 3944 1318 4007 τότε

168 4050 224 4127 μὲν
241 4048 294 4112 οὖν
312 4048 522 4129 ἐπιλαβούσης
538 4048 642 4114 νυκτὸς
659 4046 707 4112 καὶ
722 4052 774 4128 τῆς
791 4051 872 4126 νίκης
888 4047 1056 4129 ἀμφιδόξου
1071 4045 1244 4130 γενομένης,
1258 4051 1317 4111 διε-

169 4154 378 4232 πρεσβεύοντο
390 4153 464 4234 πρὸς
476 4151 631 4231 ἀλλήλους
648 4153 697 4216 καὶ
712 4152 955 4233 τετραμηνιαίους
973 4150 1107 4218 σπονδάς
1123 4149 1316 4229 ἐποιήσαντο.

212 4250 299 4316 Plut.
316 4250 402 4316 θίπι.
422 4267 481 4334 175
505 4250 582 4315 Per.
605 4269 651 4313 10.
697 4249 758 4315 See
773 4250 881 4316 below
895 4261 968 4328 102,
983 4260 1055 4315 103.

212 4383 266 4438 93.
289 4371 386 4438 Paus.
415 4373 437 4437 i.
471 4391 521 4456 29.
553 4393 591 4457 9:
625 4371 776 4454 Ὕστερον
805 4375 838 4437 δὲ
869 4371 1043 4453 μελλούσης
1079 4368 1246 4449 Ἀθηναίων
1284 4370 1317 4434 ἐν

167 4476 309 4562 Τανάγρᾳ
324 4478 463 4559 γίνεσθαι
478 4476 551 4557 πρὸς
567 4476 716 4542 Βοιωτούς
735 4477 783 4540 καὶ
799 4476 1050 4554 Λακεδαιμονίους
1060 4473 1160 4556 μάχης
1170 4473 1316 4554 ἀφίκοντο
