3000 5046
137 372 250 438 acam]
548 358 879 419 BIOGRAPHICAL
1232 371 1292 436 255

138 559 239 624 talem
267 559 378 623 virum
405 556 470 622 sibi
497 556 667 621 conciliari
694 557 828 620 veniam
854 554 956 621 dedit.
1000 555 1057 621 ille
1083 577 1180 621 omne
1206 554 1292 620 illud

138 670 268 748 tempus
297 661 417 726 litteris
451 659 658 745 sermonique
688 659 863 725 Persarum
895 661 1009 727 dedit:
1055 660 1178 746 quibus
1208 658 1292 725 adeo

139 767 289 831 eruditus
312 771 369 840 est,
387 771 427 829 ut
448 765 555 829 multo
577 763 782 829 commodius
805 764 934 830 dicatur
951 765 1039 850 apud
1062 786 1172 849 regem
1190 763 1293 828 verba

140 871 263 945 fecisse,
283 891 383 954 quam
406 868 433 932 ii
453 874 615 954 poterant,
637 868 693 953 qui
716 868 753 933 in
773 868 905 933 Perside
928 876 1023 935 erant
1042 869 1123 934 nati.
1167 865 1217 955 (n)
1239 866 1293 931 hic

140 995 216 1039 cum
239 972 346 1038 multe
363 971 432 1058 regi
454 977 541 1037 esset
562 971 730 1057 pollicitus
752 971 1043 1058 gratissimumque
1065 971 1157 1051 illud,
1173 971 1201 1036 ei
1224 971 1293 1036 suis

142 1077 193 1142 uti
208 1076 355 1142 consiliis
370 1075 479 1152 vellet,
494 1075 593 1140 illurn
610 1075 782 1140 Graeciam
798 1075 885 1141 bello
901 1097 1149 1162 oppressurum,
1164 1076 1293 1161 magnis

142 1180 338 1246 muneribus
347 1181 390 1244 ab
399 1181 585 1245 Artaxerxe
594 1181 738 1245 donatus
750 1181 786 1243 in
795 1179 909 1245 Asiam
917 1178 1018 1246 rediit
1026 1178 1294 1264 domiciliumque

143 1282 333 1370 Magnesiae
364 1283 428 1348 sibi
455 1283 641 1348 constituit.
685 1282 733 1368 (3)
760 1305 901 1369 namque
929 1283 1016 1347 hanc
1041 1283 1155 1348 urbem
1181 1282 1212 1347 ei
1236 1304 1295 1346 rex

143 1389 292 1465 donarat,
309 1386 362 1450 his
383 1388 517 1473 quidem
536 1386 654 1462 verbis,
672 1409 755 1472 quae
775 1386 805 1450 ei
825 1407 945 1471 panem
964 1388 1135 1473 praeberet
1154 1386 1209 1474 (ex
1229 1407 1295 1471 qua

143 1493 275 1578 regione
292 1491 524 1577 quinquagena
539 1491 667 1555 talenta
686 1492 865 1576 quotannis
886 1489 1061 1577 redibant),
1077 1491 1294 1577 Lampsacum

143 1604 265 1671 autem,
295 1594 383 1658 unde
422 1594 540 1658 vinum
577 1601 731 1673 sumeret,
763 1594 914 1681 Myunta‚
944 1616 987 1659 ex
1022 1617 1089 1681 qua
1120 1594 1294 1660 obsonium

144 1699 289 1763 haberet.

189 1823 242 1876 36.
266 1811 404 1877 Suidas:
428 1816 642 1893 Θεμιστοκλῆς
656 1813 815 1890 Ἀθηναῖος
831 1813 1017 1895 δημαγωγός,
1033 1811 1204 1877 Νεοκλέους
1219 1813 1296 1890 υἱός,

146 1916 263 1983 ἄσωτος
285 1917 340 1995 τῆν
363 1917 481 1998 πρώτην
504 1916 626 1996 ήλικίαν
651 1917 822 1999 γενόμενος,
848 1919 924 1995 μετὰ
951 1919 984 1980 δὲ
1009 1921 1101 1979 ταῦτα
1127 1921 1296 1997 στρατηγδς

149 2022 286 2102 αἱρεθείς,
304 2023 352 2084 καὶ
369 2021 471 2087 κτίσας
486 2027 538 2084 τδν
555 2025 693 2101 Πειραιᾶ,
711 2019 757 2084 καὶ
774 2022 924 2105 ναυμαχίᾳ
944 2018 1070 2100 νικήσας
1090 2019 1157 2084 τοὺς
1174 2019 1295 2099 Πέρσας

148 2123 222 2186 κατὰ
249 2128 415 2202 Σαλαμῖνα,
441 2122 489 2187 καῖ
515 2121 678 2204 φθονηθεὶς
704 2123 810 2204 φεύγει
836 2123 909 2205 πρὸς
934 2120 1132 2204 Ἀρταξέρξην
1158 2122 1211 2187 τδν
1237 2127 1299 2187 τῶν

149 2230 279 2301 Περσῶν
301 2226 446 2306 βασιλέα,
466 2224 514 2289 καὶ
538 2228 660 2306 σφόδρα
681 2224 814 2307 τιμηθεὶς
837 2223 886 2288 ὑπ’
909 2226 999 2289 αύτοῦ
1016 2225 1199 2305 ἠναγκάζετο
1221 2224 1297 2305 μετὰ

147 2333 240 2393 ταῦτα
267 2334 328 2395 τοῖς
350 2327 487 2407 Ἕλλησι
514 2333 669 2407 πολεμεῖν.
715 2328 763 2393 καὶ
791 2329 833 2409 μῆ
859 2327 1022 2409 βουληθεὶς
1053 2333 1213 2410 προδοῦναι
1243 2328 1298 2408 τῆν

150 2433 278 2514 πατρίδα
294 2434 342 2496 καὶ
358 2438 391 2495 τδ
408 2435 512 2496 ἑαυτοῦ
529 2433 615 2498 κλέος
630 2431 767 2514 ταύρειον
783 2434 857 2514 αῖμα
872 2433 950 2496 πιὼν
970 2433 1117 2496 ἀπώλετο.
1162 2431 1299 2514 ἔγραψεν

149 2538 315 2602 ἐπιστολὰς
330 2535 520 2617 φρονήματος
535 2536 695 2616 γεμούσας.

194 2644 415 2719 Θεμιστοκλῆς,
430 2647 596 2722 στρατηγὸς
611 2640 790 2718 Ἀθηναίων,
807 2641 823 2703 ὁ
838 2638 1106 2722 καταναυμαχήσας
1125 2641 1157 2704 έν
1175 2642 1210 2728 τῆ
1231 2641 1299 2722 περὶ

151 2747 307 2822 Σαλαμῖνα
330 2745 479 2828 ναυμαχίη
502 2744 570 2810 τοὺς
591 2743 780 2826 βαρβάρους,
802 2744 856 2809 εἶθ’
872 2746 999 2826 ὕστερον
1021 2745 1219 2826 φυγαδευθεὶς
1241 2746 1299 2808 ύπδ

149 2853 209 2910 τῶν
224 2847 392 2924 Ἀθηναίων
407 2847 455 2912 ἐπὶ
470 2850 635 2930 προδοσίας
654 2849 735 2933 αἰτίᾳ
760 2853 876 2930 ψευδεῖ,
893 2848 1074 2930 καταφυγὼν
1096 2853 1169 2927 πρδς
1191 2847 1300 2929 Ἀρτα-

151 2948 268 3030 ξέρξην,
284 2953 335 3015 τδν
352 2950 469 3033 Ξέρξου
484 2957 537 3015 τοῦ
555 2951 677 3033 Πέρσου
695 2958 796 3027 παῖδα,
819 2953 868 3016 καὶ
885 2950 1017 3033 τιμηθεὶς
1036 2952 1072 3014 τὰ
1086 2950 1215 3033 μέγιστα
1229 2949 1299 3032 παρ’

151 3053 252 3134 αὐτοῦ,
268 3055 306 3121 ὣς
321 3060 399 3135 τρεῖς
416 3057 521 3122 πόλεις
537 3058 579 3122 είς
596 3058 677 3137 ὄψον
693 3053 740 3119 καί
756 3056 846 3138 άρτον
863 3057 912 3119 καὶ
927 3061 1020 3120 ποτδν
1037 3059 1157 3135 λαβεῖν,
1174 3059 1300 3137 Μαγνη·

152 3159 231 3232 σίαν,
256 3162 406 3233 Μυοῦντα,
429 3157 610 3240 Λάμψακον,
632 3160 834 3241 ἐπηγγείλατο
856 3158 909 3224 οδν
932 3158 1221 3222 καταδουλώσασθαι
1247 3157 1302 3237 τῆν

151 3257 295 3336 Ἑλλάδα,
319 3262 455 3344 δύναμιν
468 3263 494 3325 εί
518 3262 621 3340 λάβοι.
668 3265 907 3344 παραγενόμενος
923 3264 955 3325 δὲ
971 3261 1033 3341 δμα
1047 3262 1087 3344 τῷ
1104 3261 1302 3343 στρατεύματι

153 3366 195 3430 είς
210 3369 402 3445 Μαγνησίαν,
418 3365 581 3445 καταγνοὺς
598 3368 715 3443 ἑαυτοῦ,
732 3367 760 3429 εί
774 3366 811 3430 δι’
828 3365 918 3429 αι’ντδν
935 3365 1083 3431 σωθέντες
1094 3363 1246 3443 Ἕλληνες
1264 3365 1303 3429 δι’

153 3467 242 3530 αὐτοῦ
263 3467 461 3531 δουλεύσουσι
482 3467 659 3549 βαρβάροις,
676 3468 829 3548 προφάσει
843 3469 1042 3552 χρησάμενος,
1061 3469 1098 3534 ὡς
1114 3471 1221 3533 θυσίαν
1237 3473 1302 3534 ἔπι·

152 3570 276 3634 τελέσαι
299 3570 446 3649 βούλεται
474 3569 523 3634 καὶ
551 3573 743 3653 ῖερουργῆσαι
770 3573 807 3657 τῇ
833 3574 1048 3657 Λευκοφρυηνῇ
1074 3570 1236 3652 Ἀρτέμιδι,
1261 3573 1304 3658 rqi

153 3673 249 3756 ταύρῳ
270 3671 391 3738 ὑποθεὶς
408 3673 464 3752 τῆν
482 3672 599 3754 φιάλην
618 3675 667 3738 καὶ
689 3673 910 3756 ὑποδεξάμενος
932 3675 967 3738 τδ
989 3675 1072 3755 οἶμα,
1091 3679 1204 3756 χανδδν
1226 3675 1304 3740 πιιδν

155 3776 360 3854 ἐτελεύτησεν.

198 3878 443 3960 Θεμιστοκλέους
458 3886 571 3960 παῖδες,
588 3883 727 3959 Νεοκλῆς
747 3883 796 3946 καὶ
813 3883 993 3962 Δημόπολις
1012 3881 1233 3963 ἀγωνισάμενοι
1250 3888 1305 3952 τδν

155 3983 317 4065 ἐπιτάφιον
332 3985 435 4066 ἆγῶνα
447 3987 480 4048 έν
493 3984 637 4064 Ἀθήναις
653 3986 701 4049 καὶ
716 3984 894 4064 νικήσαντες
903 3986 1162 4065 έστεφανύθησαν
1177 3986 1304 4067 άγνοού-

154 4112 249 4166 μενοι.
296 4084 344 4150 καῖ
367 4091 504 4168 Νεοκλῆς
526 4092 581 4169 μὲν
604 4088 731 4172 δόλιχον
752 4090 884 4167 ἐνίκησε,
910 4088 1087 4168 Δημάπολις
1113 4092 1147 4154 δὲ
1171 4088 1303 4154 στάδιον.

156 4189 371 4271 γνωρισθέντες
392 4191 424 4254 δὲ
445 4190 522 4269 μετὰ
544 4192 598 4256 τὸν
622 4193 724 4273 ἀγῶνα
747 4194 987 4269 καταλευσθῆναι
1011 4192 1222 4258 ἐκινδύνευσαν
1247 4194 1305 4256 ύπδ

156 4301 217 4357 τῶν
244 4293 489 4369 Θεμιστοκλέους
519 4295 644 4376 ἐχθρῶν,
675 4293 911 4374 ύπομνησάντων
938 4294 1006 4360 τοὺς
1031 4293 1210 4373 Ἀθηναίους
1238 4295 1305 4362 τοὺς

158 4401 263 4476 νόμους
278 4396 345 4461 τοὺς
361 4393 428 4476 περὶ
443 4402 503 4461 τῶν
518 4395 670 4478 φυγάδων.

206 4517 257 4573 87.
281 4506 353 4570 ΑοΙ.
362 4505 527 4572 Aristides
537 4508 588 4572 ύπ.
599 4534 627 4572 τ.
637 4533 663 4571 τ.
676 4526 738 4592 243
749 4505 781 4576 J.
792 4504 838 4591 (ii.
847 4527 878 4593 p.
890 4509 952 4593 318
965 4505 1098 4596 Dind.):
1121 4507 1307 4592 Συμβάντων
