3000 5046
173 367 315 432 los-ua}
581 358 910 419 BIOGRAPHICAL.
1266 375 1327 436 273

174 560 313 636 φρόνημα
337 556 385 620 καὶ
400 556 455 636 τὴν
469 554 571 635 δόξαν,
588 555 627 623 ὦς
642 559 735 635 δῆλον
752 555 841 642 ῆντῆ
858 553 1041 636 Περικλέους
1056 554 1199 641 καταδίκῃ
1221 552 1271 618 καί
1286 554 1328 640 τηῖ

175 656 324 739 Δάμωνος
338 656 567 745 ἐξοστρακισμῷ
580 667 665 723 κ.τ.λ.

219 805 289 861 110.
313 794 398 860 Plan
421 794 520 860 Lach.
539 795 664 861 1800:
688 801 841 862 ΝΙΚΙΑΣ.
866 796 924 860 Καὶ
945 797 1004 877 γδρ
1027 795 1104 880 αὐτῷ
1121 819 1173 875 μοι
1195 795 1326 880 ἔναγχος

175 900 269 983 άνδρο
305 899 489 984 προῦξένησε
521 902 562 987 τῷ
595 902 655 965 υίεῖ
690 900 877 965 διδάσκαλον
912 900 1067 980 μουσικῆς,
1105 896 1326 982 Ἀγαθοκλέους

174 1006 310 1086 μαθητὴν
341 1004 485 1086 Δάμωνα,
516 1005 631 1087 δνδριῖν
659 1003 859 1087 χαριέστατον
888 1002 923 1067 ού
953 1003 1047 1084 μόνον
1077 1002 1132 1082 τῆν
1167 1000 1326 1083 μουσικήν,

175 1107 258 1172 ἀλλὰ
287 1110 336 1173 καὶ
366 1111 466 1174 τδλλα
496 1110 598 1174 δπόσα
626 1109 736 1187 βούλει
763 1105 851 1187 άξιον
884 1106 1110 1189 συνδιατρίβειν
1141 1107 1326 1185 τηλικούτοις

175 1212 357 1279 νεανίσκοις.
403 1211 454 1277 Cf.
469 1223 526 1279 110
542 1211 659 1278 below.

218 1361 280 1415 111.
304 1348 416 1437 steph.
440 1350 539 1436 Byz:
574 1351 646 1430 Ὀα,
674 1354 768 1432 δῆμος
796 1354 848 1430 τῆς
874 1350 1022 1430 Ἀττικῆς,
1048 1352 1101 1429 τῆς
1126 1353 1326 1418 Πανδιονίδος

175 1457 275 1535 φυλῆς
299 1503 306 1518 .
330 1501 338 1518 .
362 1502 370 1519 .
393 1457 410 1519 6
434 1503 441 1519 .
466 1500 475 1518 .
499 1503 507 1520 .
530 1455 660 1535 δημότης
684 1454 799 1521 Ὀαθεν
827 1453 951 1539 λέγεται
977 1458 995 1490 “
1006 1453 1119 1535 Δάμων
1149 1455 1326 1536 Δαμωνίδου

171 1557 314 1624 Ὀαθεν.”

217 1706 285 1761 112.
319 1696 420 1764 Isoer.
450 1710 487 1779 15
510 1696 551 1764 do
573 1696 729 1764 Pemut.
757 1710 837 1783 235:
868 1698 1021 1779 Περικλῆς
1045 1700 1079 1763 δὲ
1103 1698 1187 1760 δυοῖν
1208 1693 1325 1778 ἐγένετο

173 1800 317 1881 μαθητής,
344 1800 551 1885 Ἀναξαγόρου
570 1829 604 1867 τε
627 1807 680 1868 τοῦ
704 1801 911 1884 Κλαζομενίου
937 1800 986 1863 καὶ
1010 1797 1157 1879 Δάμωνος
1186 1802 1238 1863 τοῦ
1262 1799 1325 1864 κατ’

175 1904 289 1968 ἐκεῖνον
303 1904 357 1969 τὸν
371 1906 482 1988 χρόνον
497 1905 724 1988 φρονιμωτάτου
739 1903 881 1984 δόξαντος
897 1903 973 1969 εἶναι
989 1908 1049 1968 τῶν
1063 1908 1206 1967 πολιτῶν.

216 2051 283 2106 113.
306 2041 394 2107 ΡΙυδ.
406 2042 483 2109 Per.
493 2062 532 2123 4:
557 2042 752 2109 Διδάσκαλον
766 2043 793 2108 δ’
804 2044 894 2108 αὐτοῦ
905 2051 965 2108 τῶν
979 2047 1131 2122 μουσικῶν
1144 2043 1326 2107 οἱπλεῖστοι

174 2144 309 2224 Δάμωνα
325 2146 470 2228 γενέσθαι
485 2146 639 2231 λέγουσιν,
660 2148 696 2212 ού
711 2155 789 2230 φασι
812 2152 876 2212 δεῖν
891 2148 1020 2226 τούνομα
1041 2146 1249 2227 βραχύνοντας
1270 2144 1325 2224 τὴν

173 2249 321 2330 προτέραν
350 2252 516 2331 συλλαβὴν
541 2253 688 2334 ἐκφέρειν
718 2252 935 2332 Ἀριστοτέλης
965 2253 997 2314 δέ
1024 2249 1105 2333 παρά
1135 2250 1325 2336 Πυθοκλείδῃ

172 2353 321 2432 μουσικὴν
334 2357 551 2436 διαπονηθῆναι
572 2362 625 2421 τὸν
646 2356 737 2436 άνδρο
760 2356 865 2437 φησίν.
888 2357 905 2419 6
927 2354 960 2420 δέ
980 2354 1093 2434 Δάμων
1115 2353 1214 2419 ἔοικεν
1236 2352 1326 2436 άκρος

173 2459 216 2520 ὢν
230 2456 382 2538 σοφιστῆς
398 2460 596 2525 καταδύεσθαι
615 2462 671 2542 μέν
688 2463 731 2527 εἰς
748 2459 783 2524 τὸ
803 2462 856 2537 τῆς
875 2461 1022 2540 μουσικῆς
1045 2459 1139 2535 ὄνομα
1161 2462 1234 2539 πρὸς
1255 2456 1325 2523 τοὺς
1363 2473 1365 2477 ’

173 2559 307 2627 πολλοὺς
319 2562 569 2644 ἐπικρυπτόμενος
583 2563 638 2643 τὴν
648 2565 813 2642 δεινότητα,
823 2563 864 2648 τῷ
876 2564 909 2626 δέ
921 2565 1069 2643 Περικλεῖ
1082 2563 1177 2640 συνῆν
1193 2557 1325 2642 καθάπερ

173 2664 290 2751 άθλητῆ
311 2674 371 2731 τῶν
393 2674 557 2732 πολιτικῶν
579 2667 724 2748 ἀλείπτης
748 2668 797 2731 καὶ
820 2663 1014 2731 διδάσκαλος.
1038 2665 1073 2730 ού
1091 2664 1152 2744 μὴν
1175 2664 1286 2729 έλαθεν
1308 2665 1325 2727 6

174 2766 288 2845 Δάμων
307 2768 344 2856 τῇ
360 2772 437 2855 λύρη
459 2772 711 2851 παρακαλύμματι
728 2771 894 2855 χριόμενος,
916 2767 986 2834 ἁλλ’
1001 2769 1041 2836 ὦς
1062 2767 1326 2851 μεγαλοπράγμων

173 2869 222 2934 καὶ
238 2873 457 2954 φιλοτύραννος
473 2872 699 2956 ἐξωστρακίσθη
712 2871 761 2941 καί
775 2874 915 2956 παρέσχε
926 2877 990 2940 τοῖς
1001 2877 1142 2955 κωμικοῖς
1154 2869 1323 2953 διατριβήν.

173 2975 190 3035 6
204 2979 279 3056 γοῦν
295 2975 428 3041 Πλάτων
444 2977 493 3041 καὶ
507 2979 731 3061 πυνθανόμενον
746 2979 837 3044 αύποιῖ
851 3002 919 3043 τινα
933 2977 1098 3055 πεποίηκεν
1114 2976 1202 3040 ούτω·

346 3085 473 3162 Πρῶτον
492 3083 548 3162 μέν
570 3083 623 3148 ούν
643 3107 695 3163 μοι
716 3080 818 3162 λέξον,
841 3083 1006 3159 άντιβολῶ·
1030 3078 1069 3143 σὺ
1090 3078 1158 3159 γάρ,

345 3185 386 3250 ὥς
408 3191 516 3265 φασιν,
539 3187 556 3250 6
578 3187 697 3269 Χείρων
720 3184 888 3270 ἐξέθρεψας
911 3183 1074 3266 Περικλέα.

216 3329 283 3382 114.
306 3317 403 3405 Diog.
414 3319 521 3385 Laert„
531 3319 566 3384 ii.
577 3335 597 3404 5
609 3317 679 3408 (19)
690 3345 697 3384 :
720 3320 870 3386 Ἀκούσας
880 3323 913 3385 δέ
921 3316 1107 3407 (Σωκράτης)
1116 3318 1324 3402 Ἀναξαγόρου

172 3421 247 3486 κατά
268 3449 362 3502 τινας,
386 3424 468 3487 δλλδ
489 3421 537 3489 καὶ
559 3423 715 3504 Δάμωνος,
732 3424 772 3491 ὥς
786 3422 986 3505 Ἀλέξανδρος
1004 3426 1038 3487 έν
1059 3427 1235 3507 Διαδοχαῖς,
1248 3423 1325 3506 μετὰ

171 3525 227 3605 τῆν
241 3527 356 3592 ἐκείνου
374 3528 536 3608 καταδίκην
547 3526 707 3606 διήκουσεν
722 3525 890 3610 Ἀρχελάου
904 3530 957 3591 τοῦ
972 3530 1113 3609 φυσικοῦ.

215 3674 281 3728 κιο.
307 3658 440 3751 [An’st]
453 3660 551 3749 Βωρ.
567 3663 645 3729 Atia
663 3677 715 3746 27.

624 3911 863 3996 Αααααμοτας.

212 4075 279 4129 116.
298 4065 386 4130 Plut.
406 4063 483 4131 Per.
497 4084 537 4144 4:
570 4063 609 4130 Ὀ
635 4070 668 4131 δέ
695 4070 827 4132 πλεῖστα
853 4069 1000 4147 Περικλεῖ
1028 4065 1251 4150 συγγενόμενος
1274 4065 1324 4130 καὶ

169 4169 305 4249 μάλιστα
318 4169 450 4252 περιθεὶς
468 4172 560 4253 ὄγκον
581 4166 727 4256 αὐτῷκαὶ
749 4170 890 4252 φρόνημα
912 4171 1105 4252 δημαγωγίας
1128 4169 1323 4252 ἐμβριθέστε-

168 4298 232 4351 ρον,
263 4274 343 4340 όλως
371 4299 404 4338 τε
438 4273 624 4356 μετεωρίσας
654 4270 702 4338 καὶ
736 4271 902 4356 συνεξάρας
932 4277 966 4336 τδ
996 4271 1112 4355 ἀξίωμα
1141 4277 1194 4339 τού
1222 4271 1324 4354 ἤθους,

169 4373 373 4458 Ἀναξαγόρας
399 4375 437 4457 ῆν
466 4378 483 4440 6
508 4376 725 4460 Κλαζομένιος,
746 4374 782 4442 δν
805 4378 835 4442 οῖ
861 4375 921 4441 τότ’
945 4375 1097 4458 άνθρωποι
1120 4380 1204 4443 Νοῦν
1225 4401 1323 4460 προσ-

170 4480 325 4564 ηγόρευον,
335 4480 396 4546 είτε
410 4480 466 4561 τῆν
480 4480 607 4546 σύνεσιν
622 4479 712 4545 αθτοΰ
728 4480 867 4564 μεγάλην
878 4481 922 4547 είς
932 4481 1137 4566 φυσιολογίαν
1155 4477 1206 4547 καί
1220 4504 1323 4562 περιτ·

736 4597 758 4646 'l'
