3000 5046
153 391 267 457 44-57.]
394 383 563 443 SPARYA
592 384 684 443 AND
708 384 1052 445 PELOPONNESOS.
1246 399 1305 459 297

298 625 498 693 Mantineia
519 626 609 714 helpe
631 628 758 712 Sparta
779 628 823 694 ιἰι
844 627 896 693 tte
919 628 1018 694 Helot
1040 626 1165 693 Revolt.

198 763 258 829 See
273 763 379 830 below
394 776 447 832 70.

669 965 788 1034 Tegea.

197 1100 252 1154 52.
274 1089 355 1156 Hdt.
372 1092 417 1156 vi.
436 1108 499 1173 723
522 1090 568 1157 ix.
586 1107 638 1178 35.

197 1192 293 1260 Paus.
311 1195 358 1259 iii.
375 1212 404 1280 5.
421 1197 452 1260 6.
497 1195 559 1262 See
574 1197 680 1262 above
696 1209 728 1261 8.

198 1338 251 1392 53.
275 1328 370 1393 Paus.
389 1326 436 1395 iil
455 1349 504 1392 11.
522 1343 561 1412 7:
594 1332 654 1395 Καί
672 1339 783 1411 σφισιν
803 1332 819 1394 δ
838 1334 1010 1413 Τισαμενὸς
1032 1330 1150 1413 άγῶνας
1170 1327 1305 1402 πολέμου

155 1432 244 1498 πέντε
259 1433 393 1515 ένίκησε,’
404 1440 524 1515 πρῶτον
542 1435 598 1514 μὲν
614 1437 807 1500 Πλαταιᾶσιν
825 1437 946 1500 ἐναντία
965 1438 1103 1516 Περσῶν,
1119 1433 1256 1514 δεύτερον
1271 1435 1305 1497 δὲ

154 1536 187 1600 έν
200 1538 300 1622 Τεγέᾳ
316 1543 390 1619 πρὸς
403 1539 557 1622 Τεγεάτας
575 1541 624 1603 καὶ
642 1539 797 1620 Ἀργείους
815 1541 917 1623 μάχης
933 1540 1178 1618 Λακεδαιμονίοις
1195 1563 1303 1603 συνεσ-

153 1641 261 1722 τάσης,
282 1638 332 1706 έπὶ
354 1643 471 1708 τούτοις
494 1645 526 1707 δὲ
550 1646 583 1708 έν
599 1647 780 1708 Διπαιεῦσιν
794 1642 948 1725 Ἀρκάδων
970 1642 1098 1708 πάντων
1113 1641 1195 1721 πλὴν
1217 1646 1328 1711 Μαν·,

153 1744 259 1810 τινέων
286 1746 550 1829 ἀντιτεταγμένων·
584 1748 614 1811 οί
640 1748 673 1811 δὲ
695 1751 837 1813 Διπαιεῖς
863 1750 896 1811 έν
923 1747 959 1832 τῇ
985 1748 1143 1832 Μαιναλίᾳ
1166 1747 1304 1827 πόλισμα

152 1845 305 1929 Ἀρκάδων
321 1850 400 1929 ἦσαν
416 1860 500 1915 κ.τ.λ.

197 1995 252 2050 54.
277 1986 402 2053 Simon.
417 1987 538 2073 Epiyr.
558 2007 618 2054 ιον
635 1986 768 2075 (Bergk,
783 1986 825 2053 P.
840 1985 878 2051 L.
896 1986 935 2054 G.
950 1987 1000 2050 ed.
1017 2008 1045 2065 4
1062 1986 1110 2051 iii.
1126 1983 1225 2072 459):

325 2112 430 2174 Τῶνδε
452 2107 491 2172 δι’
512 2110 677 2191 άυθράπων
699 2111 808 2191 άρετὰν
830 2109 887 2191 οὐχ
910 2109 989 2173 ίκετο
1018 2109 1129 2174 καπνός

370 2211 475 2293 αἰθέρα
498 2212 655 2292 δαιομένης
679 2213 840 2297 εὐρυχόρου
862 2211 984 2295 Τεγέας·

329 2316 357 2380 ot
379 2317 530 2395 βούλοντο
553 2317 644 2381 πάλιν
665 2318 720 2395 μὲν
743 2317 897 2400 ἐλευθερίᾳ
920 2320 1081 2381 τεθαλυῖαν

372 2416 459 2483 ποιοῖ
481 2425 592 2499 λιπεῖν,
615 2421 699 2485 αὐτοὶ
722 2420 749 2485 δ’
772 2422 804 2485 έν
827 2418 1011 2502 προμάχοισι
1034 2425 1145 2486 θανεῖν.

336 2694 523 2752 Pausanias
545 2695 615 2752 and
637 2695 695 2752 tho
718 2694 865 2764 Spartan
887 2691 1127 2750 constitution.

196 2838 258 2905 See
273 2839 378 2906 above
392 2848 455 2905 v1.
472 2850 579 2908 15-17.

371 3115 451 3171 End
473 3114 587 3172 ottho
609 3114 857 3185 Anti-Spartan
879 3114 1084 3172 Movemont.

197 3272 251 3327 55.
276 3261 358 3325 Hdt.
374 3262 421 3324 ix.
437 3273 490 3347 35.
536 3260 585 3328 cf.
600 3261 706 3326 above
723 3272 776 3326 55.

196 3409 249 3463 56.
273 3398 372 3464 Isocr.
389 3399 410 3461 6
426 3397 567 3463 Aram.
585 3418 644 3480 99:
667 3396 897 3478 ’Λναμνήσθητε
918 3399 950 3460 δὲ
969 3405 1029 3463 τῶν
1045 3399 1078 3463 έν
1095 3397 1211 3484 Διπαία
1228 3395 1302 3479 πρὸς

152 3501 299 3584 Ἀρκάδας
314 3503 557 3585 ἀγωνισαμένων,
567 3503 618 3569 οθς
633 3509 731 3582 φασιν
746 3503 795 3566 έπὶ
810 3505 880 3582 μιῖις
895 3501 1024 3567 άσπίδος
1039 3499 1303 3582 παραταξαμένους

152 3607 296 3689 τρόπαιον
312 3609 424 3684 στῆσαι
439 3611 564 3671 πολλῶν
578 3605 729 3687 μυριάδων
744 3611 829 3670 κ.τ.λ.

195 3753 247 3809 57.
271 3740 424 3829 Polyaeu
447 3742 602 3822 i.41.1:
634 3740 816 3827 Ἀρχίδαμος
840 3743 873 3806 έν
895 3741 1037 3827 Ἀρκαδία
1062 3741 1186 3822 μέλλων
1207 3765 1300 3823 παρα-

151 3846 323 3913 τάσσεσθαι
357 3851 392 3934 τῇ
427 3849 570 3935 ὑστεραία
601 3848 753 3932 ἐπέρρωσε
790 3847 859 3914 τοὺς
892 3845 1080 3927 Σπαρτιάτας
1113 3844 1162 3911 διά
1196 3845 1301 3912 νυκτὸς

152 3957 258 4030 βωμὸν
275 3951 469 4034 ἱδρυσάμενος
492 3950 540 4017 καὶ
563 3950 720 4033 κοσμήσας
743 3951 851 4019 θπλοις
873 3949 1097 4032 λαμπροτάτοις
1120 3947 1169 4013 καί
1191 3950 1301 4016 ἵππους

153 4055 205 4119 δύο
220 4061 420 4141 περιαγαγών.
450 4059 516 4122 ἐπεὶ
539 4058 571 4120 δὲ
587 4055 626 4137 ἦν
645 4058 711 4135 ἕως,
729 4059 759 4121 οἱ
777 4053 907 4139 λοχαγοὶ
927 4053 975 4120 καὶ
992 4057 1022 4119 οῖ
1039 4052 1197 4137 ταξίαρχοι
1213 4056 1302 4118 κοινὰ

152 4160 232 4223 ὅπλα
249 4158 297 4224 καὶ
312 4166 393 4225 δυοῖν
408 4163 515 4226 ἵπποιν
530 4165 600 4243 ἴχνη
616 4159 665 4225 καί
679 4160 786 4242 βωμδν
801 4161 968 4241 αὐτόματον
983 4160 1095 4226 ίδόντες
1114 4155 1301 4240 διήγγειλαν,
1370 4217 1373 4221 ,

153 4262 192 4330 ὥς
220 4265 249 4326 οῖ
277 4264 460 4347 Διόσκουροι
490 4263 741 4350 συμμαχήσοντες
769 4266 880 4346 ἥκοιεν.
925 4265 955 4327 ot
981 4269 1164 4347 στρατιῶται
1190 4259 1300 4345 θαρρή-

153 4393 260 4436 σαντες
284 4366 332 4432 καλ
354 4372 408 4435 τὰς
430 4369 549 4454 γνάμας
570 4370 670 4435 ἔνθεοι
693 4370 850 4453 γενόμενοι
873 4368 1017 4453 γενναίως
1038 4366 1228 4450 ἠγωνίσαντο
1252 4364 1301 4430 καὶ

152 4472 221 4540 τοὺς
234 4473 382 4555 Ἀρκάδας
397 4473 548 4552 ἐνίκησαν.
