3000 5046
139 377 257 442 τοο-θα]
367 367 456 427 THE
479 368 712 429 ΑΤΗΕΝΙΑΝ
735 369 1057 432 CONSTITUTION.
1231 389 1291 451 213

139 567 242 646 μινίσν
262 565 376 647 τριήρη,
398 564 477 647 φησὶ
501 568 678 648 Κριτόλαος,
692 567 768 648 πρδς
788 568 841 636 τὰς
857 567 993 650 μεγάλας
1013 571 1119 653 χρείας
1133 569 1292 647 ἐπιδιδούς,

140 669 242 734 τδλλα
256 673 290 735 δέ
304 672 417 752 φίλους
432 669 481 735 καὶ
495 669 622 754 ῥήτορας
637 670 756 752 ἔτέρους
772 673 885 739 καθιεὶς
901 672 1056 753 ἔπραττεν.
1087 674 1129 738 ὃν
1144 672 1198 738 ἔνο
1212 669 1291 753 φασί

139 771 283 855 γενέσθαι
296 779 351 839 τδν
365 773 536 855 Ἐφιάλτην
552 781 636 841 κ.τ.λ.

185 922 239 976 93.
263 910 350 977 ΡΙιιδ.
361 910 438 978 Per.
457 929 515 976 20:
538 912 649 975 Τδλλα
664 909 689 976 δ’
701 913 735 977 ού
751 912 914 997 συνεχώρει
929 916 995 979 ταῖς
1010 913 1115 994 ὁρμαῖς
1129 917 1189 976 τών
1203 921 1292 977 πολι·

140 1021 209 1092 τών,
224 1015 291 1080 οὐδὲ
308 1013 527 1095 συνεξέπιπτεν
541 1016 599 1080 ύπδ
616 1017 717 1099 ῥώμης
737 1012 786 1082 καὶ
807 1016 900 1100 τύχης
918 1017 1067 1095 τοσαύτης
1087 1016 1291 1098 ἐπαιρομένων

141 1119 294 1202 Αἰγύπτου
308 1144 341 1185 τε
356 1119 451 1184 πάλιν
465 1117 748 1199 ἀντιλαμβάνεσθαι
770 1118 818 1185 καὶ
839 1124 933 1185 κινεῖν
950 1122 1003 1198 τῆς
1021 1119 1177 1200 βασιλέως
1196 1121 1292 1203 ἀρχῆς

141 1226 178 1288 τά
196 1228 270 1303 πρὸς
291 1221 446 1310 θαλάσσῃ.
491 1225 627 1291 πολλοὺς
644 1223 677 1289 δέ
699 1220 748 1288 καὶ
767 1225 908 1291 Σικελίας
923 1225 940 1287 δ
954 1223 1085 1304 δύσερως
1105 1224 1217 1290 ἐκεῖνος
1235 1222 1290 1303 ἤδη

142 1323 190 1389 καὶ
213 1326 384 1405 δύσποτμος
404 1327 479 1408 ἔρως
499 1325 591 1410 εἶχεν,
610 1324 645 1390 δν
664 1327 792 1408 ὕστερον
811 1324 978 1406 ἐξέκαυσαν
993 1327 1106 1410 οἱπερὶ
1121 1325 1292 1391 τδνἈλκι-

141 1427 252 1508 βιάδην
268 1429 400 1511 ῥήτορες.
447 1428 484 1509 ἦν
506 1431 539 1494 δὲ
562 1427 610 1494 καὶ
628 1433 777 1512 Τυρρηνία
801 1432 850 1495 καὶ
873 1430 1041 1513 Καρχηδὼν
1063 1430 1154 1497 ένίοις
1177 1432 1292 1511 ὄνειρος

142 1533 193 1596 ούκ
225 1533 275 1596 ἄπ’
304 1535 427 1599 ἐλπίδος
450 1532 499 1597 διὰ
528 1539 561 1598 τὸ
587 1531 715 1616 μέγεθος
745 1537 798 1611 τῆς
827 1532 1023 1613 ὑποκειμένης
1052 1532 1214 1616 ἡγεμονίας
1243 1530 1291 1597 καὶ

141 1635 195 1715 τὴν
219 1635 338 1717 εύροιαν
360 1641 419 1700 τῶν
442 1633 633 1718 πραγμάτων.
689 1634 758 1725 (21)
781 1635 852 1700 ἀλλ’
878 1638 895 1700 δ
919 1640 1070 1716 Περικλῆς
1092 1641 1213 1718 κατεῖχε
1236 1637 1292 1716 τὴν

141 1738 288 1820 ἐκδρομὴν
299 1739 409 1817 ταύτην
421 1740 469 1804 καὶ
480 1739 660 1821 περιέκοπτε
671 1741 726 1820 τὴν
735 1739 1040 1824 πολυπραγμοσύνην,
1051 1737 1099 1805 καὶ
1110 1739 1147 1804 τὰ
1159 1745 1292 1804 πλεῖστα

141 1846 194 1922 τῆς
209 1840 360 1922 δυνάμεως
379 1842 504 1923 ἔτρεπεν
519 1844 562 1910 εἰς
578 1844 719 1924 φυλακην
738 1845 787 1909 καὶ
805 1845 997 1924 βεβαιότητα
1011 1848 1072 1909 τών
1085 1844 1292 1926 ὑπαρχόντων,

140 1945 217 2028 μέγα
233 1946 322 2028 ἔργον
336 1943 501 2028 ἡγούμενος
517 1946 667 2029 ἀνείργειν
678 1949 931 2026 Λακεδαιμονίους
944 1945 992 2011 καὶ
1004 1947 1084 2014 ὅλως
1098 1946 1290 2013 ὑπεναντιού-

140 2075 230 2129 μενος
249 2050 383 2126 έιιείνοις,
404 2048 444 2117 ὦς
465 2049 573 2116 άλλοις
594 2074 627 2115 τε
649 2055 780 2117 πολλοῖς
800 2048 897 2130 ἔδειξε
916 2047 963 2115 καὶ
983 2050 1119 2130 μάλιστα
1136 2055 1199 2116 τοῖς
1223 2052 1290 2130 περὶ

140 2159 193 2217 τὸν
209 2155 288 2233 ίερδν
303 2157 465 2235 πραχθεῖσι
480 2153 624 2234 πόλεμον.
1305 2172 1313 2183 “

524 2358 595 2415 'l'he
616 2352 778 2420 δικαστικδς
800 2354 908 2430 μισθός.

184 2509 240 2564 οι.
265 2493 674 2588 [mmmmm.
719 2492 933 2563 οιαιιιω.

184 2631 237 2686 95.
262 2619 318 2683 Ar.
335 2617 426 2684 Πατι.
445 2635 523 2702 139:

169 2727 376 2788 ΗΡΑΚΛΗΣ.
396 2722 450 2785 Ἐν
472 2722 621 2806 πλοιαρίῳ
642 2723 804 2806 τυννουτῳί
822 2719 854 2784 π’
870 2720 944 2804 δνῆρ
963 2721 1060 2806 γέρων

401 2824 509 2904 ναύτης
533 2822 629 2903 διάξει
653 2822 704 2890 δύ’
726 2825 829 2906 ὀβολώ
854 2825 967 2908 μισθὸν
987 2826 1107 2905 λαβών.

157 2933 378 2996 ΔΙΟΝΎΣΟΣ.
402 2933 473 2995 Φεῦ.
497 2928 537 2995 ὣς
557 2929 635 3009 μέγα
653 2926 802 2994 δύνασθον
820 2933 975 3013 πανταχοῦ
997 2929 1037 2992 τώ
1060 2921 1108 2995 δύ’
1131 2929 1245 3010 ὀβολώ.

141 3035 251 3101 Schol.
267 3035 314 3099 ad
329 3033 386 3100 loc.
401 3057 408 3096 ι
437 3038 520 3115 Πρὸς
534 3032 588 3096 τὸν
609 3030 783 3098 δικαστικὸν
797 3034 917 3114 μισθόν,
934 3033 981 3097 ὅτι
995 3030 1048 3098 δύο
1062 3033 1187 3114 ὀβολῶν
1202 3032 1248 3113 ἦν.

185 3174 241 3229 96.
263 3161 348 3227 Ρίαδ.
366 3161 463 3246 θονρ.
478 3160 602 3242 515E:
625 3160 718 3226 Ταυτὶ
739 3164 797 3245 γὰρ
820 3161 917 3245 ἔγωγε
940 3159 1046 3241 άκούω,
1065 3161 1217 3244 Περικλέα
1238 3187 1292 3227 πε·

141 3265 297 3345 ποιηιιένσι
311 3265 490 3343 Ἀθηναίους
505 3265 615 3348 ἀργοὺς
630 3261 677 3330 καὶ
692 3265 812 3332 δειλοὺς
828 3261 877 3329 καὶ
891 3263 1005 3332 λάλους
1023 3263 1072 3329 καὶ
1089 3264 1292 3348 φιλαργύρους

142 3372 184 3437 είς
198 3370 404 3453 μισθοφορίαν
419 3374 537 3451 πρῶτον
553 3366 795 3447 καταστήσαντα.

186 3509 239 3566 97.
262 3498 365 3563 Arist.
390 3495 462 3562 Pol.
488 3496 523 3561 ii.
549 3495 595 3562 ix.
624 3493 706 3584 (12.)
728 3515 757 3581 3.
784 3511 898 3579 1274ss
916 3496 952 3559 8:
985 3498 1033 3558 Τδ
1059 3499 1092 3560 δὲ
1118 3495 1292 3575 δικαστήρια

140 3604 316 3684 μισθοφόρα
339 3603 508 3680 κατέστησε
524 3602 684 3682 Περικλῆς,
702 3597 750 3663 καὶ
773 3604 877 3664 τοῦτον
899 3599 935 3678 δη
958 3604 1011 3662 τὸν
1032 3600 1143 3680 τρόπον
1164 3598 1292 3666 ἔκαστος

140 3713 201 3770 τῶν
215 3712 401 3789 δημαγωγῶν
416 3702 590 3787 προήγαγεν
604 3702 703 3784 αὔξων
718 3705 761 3772 είς
777 3702 832 3782 τὴν
846 3707 900 3770 νῦν
914 3704 1120 3782 δημοκρατίαν.

185 3808 271 3874 Plut.
286 3807 363 3875 Per.
381 3827 409 3891 9.
455 3806 517 3874 See
532 3808 638 3873 above
653 3818 706 3876 72.

184 3957 239 4012 98.
264 3945 372 4011 Schol.
388 3944 431 4010 ad
445 3945 504 4009 As.
521 3944 583 4011 Av.
603 3959 682 4026 1541
699 3970 706 4008 ι
731 3945 963 4027 Τδτριώβολαι
985 3939 1014 4033 Ι[.
1032 3994 1039 4011 .
1056 3993 1064 4010 .
1086 3942 1143 4028 οὐχ
1159 3943 1296 4022 εἱστήκει

141 4055 175 4116 δὲ
197 4050 295 4118 αὐτοῖς
310 4047 366 4136 (ου.
383 4054 447 4116 τοῖς
461 4047 621 4138 Ἀττικοῖς)
636 4055 671 4113 τὸ
686 4050 865 4132 τριώβολον.
910 4052 1071 4132 πολλαχοῦ
1089 4050 1147 4129 γὰρ
1170 4049 1219 4112 καὶ
1241 4045 1293 4112 δύο

141 4154 275 4233 ὀβολοὺς
305 4149 590 4242 είλήφασιν.Ὴ-τδ
612 4153 778 4235 τριώβολα,
802 4152 878 4234 άπερ
899 4150 1074 4231 ἐλάμβανον
1096 4151 1126 4215 οἱ
1149 4151 1244 4233 κριτοὶ
1263 4153 1292 4214 οἱ

142 4259 175 4322 ἔν
189 4257 295 4342 ἡλιαίᾳ
311 4259 463 4340 κρίνοντες
481 4259 524 4325 είς
539 4259 660 4338 μισθόν.
704 4256 744 4322 R.

187 4405 242 4460 99.
267 4393 355 4459 Ιδίιί.
377 4393 470 4479 Vesp.
486 4415 572 4481 3002
596 4391 789 4482 (μισθαρίουι
815 4395 904 4458 τοῢτιί
927 4391 1037 4481 φησιν)
1059 4393 1100 4460 ὥς
1122 4395 1293 4476 τριωβόλου

144 4504 195 4563 τοῦ
206 4503 380 4563 δικοστικοῢ
395 4501 482 4568 ὄντος
497 4501 710 4581 μισθοῦ,-ίνα
726 4498 852 4565 ἔκαστος
867 4499 982 4562 τούτων
998 4497 1117 4578 ὀβολοῦ
1130 4497 1294 4579 λογίσηται
