<?xml version="1.0" encoding="UTF-8"?>
<!DOCTYPE html PUBLIC "-//W3C//DTD XHTML 1.0 Transitional//EN"
    "http://www.w3.org/TR/xhtml1/DTD/xhtml1-transitional.dtd">
<html xmlns="http://www.w3.org/1999/xhtml" xml:lang="en" lang="en">
 <head>
  <title>
</title>
<meta http-equiv="Content-Type" content="text/html;charset=utf-8" />
  <meta name='ocr-system' content='tesseract 3.04.00' />
  <meta name='ocr-capabilities' content='ocr_page ocr_carea ocr_par ocr_line ocrx_word'/>
</head>
<body>
  <div class='ocr_page' id='page_1' title='image "./sourcesforgreek00hillgoog/sourcesforgreek00hillgoog_0255.png"; bbox 0 0 3000 5046; ppageno 0'>
   <div class='ocr_carea' id='block_1_1' title="bbox 198 353 1355 433">
    <p class='ocr_par' dir='ltr' id='par_1_1' title="bbox 198 353 1355 433">
     <span class='ocr_line' id='line_1_1' title="bbox 198 353 1355 433; baseline 0 -20"><span class='ocrx_word' id='word_1_1' title='bbox 198 353 260 433; x_wconf 81' lang='lat'><strong>236</strong></span> <span class='ocrx_word' id='word_1_2' title='bbox 623 354 956 414; x_wconf 78' lang='lat' dir='ltr'><em>BIOGRAPHICAL.</em></span> <span class='ocrx_word' id='word_1_3' title='bbox 1229 363 1355 428; x_wconf 75' lang='lat' dir='ltr'><strong>[craw-</strong></span> 
     </span>
    </p>
   </div>
   <div class='ocr_carea' id='block_1_2' title="bbox 200 546 1356 2608">
    <p class='ocr_par' dir='ltr' id='par_1_2' title="bbox 200 546 1356 1050">
     <span class='ocr_line' id='line_1_2' title="bbox 200 546 1355 636; baseline 0 -24"><span class='ocrx_word' id='word_1_4' title='bbox 200 549 282 636; x_wconf 91' lang='lat' dir='ltr'><strong>quid</strong></span> <span class='ocrx_word' id='word_1_5' title='bbox 310 549 356 613; x_wconf 90' lang='lat' dir='ltr'><strong>sit</strong></span> <span class='ocrx_word' id='word_1_6' title='bbox 380 555 451 613; x_wconf 90' lang='lat' dir='ltr'><strong>tam</strong></span> <span class='ocrx_word' id='word_1_7' title='bbox 480 548 647 634; x_wconf 89' lang='lat' dir='ltr'><strong>repentini</strong></span> <span class='ocrx_word' id='word_1_8' title='bbox 673 548 814 615; x_wconf 91' lang='lat' dir='ltr'><strong>consilii.</strong></span> <span class='ocrx_word' id='word_1_9' title='bbox 859 547 937 614; x_wconf 93' lang='lat' dir='ltr'><strong>huic</strong></span> <span class='ocrx_word' id='word_1_10' title='bbox 962 548 1032 627; x_wconf 92' lang='lat' dir='ltr'><strong>ille,</strong></span> <span class='ocrx_word' id='word_1_11' title='bbox 1058 548 1208 635; x_wconf 85' lang='lat' dir='ltr'><strong>quidex</strong></span> <span class='ocrx_word' id='word_1_12' title='bbox 1233 546 1355 613; x_wconf 84' lang='lat' dir='ltr'><strong>littoris</strong></span> 
     </span>
     <span class='ocr_line' id='line_1_3' title="bbox 201 649 1356 740; baseline -0.002 -23"><span class='ocrx_word' id='word_1_13' title='bbox 201 652 422 737; x_wconf 90' lang='lat' dir='ltr'><strong>comperisset,</strong></span> <span class='ocrx_word' id='word_1_14' title='bbox 452 651 570 737; x_wconf 88' lang='lat' dir='ltr'><strong>aperit.</strong></span> <span class='ocrx_word' id='word_1_15' title='bbox 616 649 664 740; x_wconf 88' lang='grc' dir='ltr'><strong>(ό)</strong></span> <span class='ocrx_word' id='word_1_16' title='bbox 695 674 761 739; x_wconf 92' lang='lat' dir='ltr'><strong>quo</strong></span> <span class='ocrx_word' id='word_1_17' title='bbox 792 651 899 739; x_wconf 87' lang='lat' dir='ltr'><strong>magis</strong></span> <span class='ocrx_word' id='word_1_18' title='bbox 929 651 1112 718; x_wconf 79' lang='lat' dir='ltr'><strong>Pausanias</strong></span> <span class='ocrx_word' id='word_1_19' title='bbox 1140 650 1356 738; x_wconf 85' lang='lat' dir='ltr'><strong>perturbatus</strong></span> 
     </span>
     <span class='ocr_line' id='line_1_4' title="bbox 200 752 1355 841; baseline -0.002 -21"><span class='ocrx_word' id='word_1_20' title='bbox 200 776 294 820; x_wconf 89' lang='lat' dir='ltr'><strong>orare</strong></span> <span class='ocrx_word' id='word_1_21' title='bbox 318 755 433 841; x_wconf 91' lang='lat' dir='ltr'><strong>coepit,</strong></span> <span class='ocrx_word' id='word_1_22' title='bbox 455 777 498 821; x_wconf 93' lang='lat' dir='ltr'><strong>ne</strong></span> <span class='ocrx_word' id='word_1_23' title='bbox 523 756 713 822; x_wconf 69' lang='lat' dir='ltr'><strong>enuntiaret</strong></span> <span class='ocrx_word' id='word_1_24' title='bbox 737 777 803 822; x_wconf 92' lang='lat' dir='ltr'><strong>neu</strong></span> <span class='ocrx_word' id='word_1_25' title='bbox 828 778 863 822; x_wconf 91' lang='lat' dir='ltr'><strong>se</strong></span> <span class='ocrx_word' id='word_1_26' title='bbox 888 757 1046 821; x_wconf 87' lang='lat' dir='ltr'><strong>meritum</strong></span> <span class='ocrx_word' id='word_1_27' title='bbox 1073 757 1113 821; x_wconf 93' lang='lat' dir='ltr'><strong>de</strong></span> <span class='ocrx_word' id='word_1_28' title='bbox 1142 755 1203 821; x_wconf 92' lang='lat' dir='ltr'><strong>illo</strong></span> <span class='ocrx_word' id='word_1_29' title='bbox 1228 752 1355 840; x_wconf 89' lang='lat' dir='ltr'><strong>optime</strong></span> 
     </span>
     <span class='ocr_line' id='line_1_5' title="bbox 200 859 1355 946; baseline -0.001 -23"><span class='ocrx_word' id='word_1_30' title='bbox 200 859 369 946; x_wconf 86' lang='lat' dir='ltr'><strong>proderet:</strong></span> <span class='ocrx_word' id='word_1_31' title='bbox 384 859 503 946; x_wconf 90' lang='lat' dir='ltr'><strong>quodsi</strong></span> <span class='ocrx_word' id='word_1_32' title='bbox 513 881 586 924; x_wconf 87' lang='lat' dir='ltr'><strong>eam</strong></span> <span class='ocrx_word' id='word_1_33' title='bbox 596 860 730 925; x_wconf 87' lang='lat' dir='ltr'><strong>veniam</strong></span> <span class='ocrx_word' id='word_1_34' title='bbox 739 861 801 925; x_wconf 93' lang='lat' dir='ltr'><strong>sibi</strong></span> <span class='ocrx_word' id='word_1_35' title='bbox 812 860 957 926; x_wconf 91' lang='lat' dir='ltr'><strong>dedisset</strong></span> <span class='ocrx_word' id='word_1_36' title='bbox 966 861 1136 946; x_wconf 90' lang='lat' dir='ltr'><strong>tantisque</strong></span> <span class='ocrx_word' id='word_1_37' title='bbox 1144 859 1355 945; x_wconf 85' lang='lat' dir='ltr'><strong>implicatum</strong></span> 
     </span>
     <span class='ocr_line' id='line_1_6' title="bbox 200 963 1049 1050; baseline -0.001 -22"><span class='ocrx_word' id='word_1_38' title='bbox 200 963 299 1028; x_wconf 90' lang='lat' dir='ltr'><strong>rebus</strong></span> <span class='ocrx_word' id='word_1_39' title='bbox 315 963 530 1041; x_wconf 74' lang='lat' dir='ltr'><strong>sublevasset,</strong></span> <span class='ocrx_word' id='word_1_40' title='bbox 545 985 666 1050; x_wconf 86' lang='lat' dir='ltr'><strong>magno</strong></span> <span class='ocrx_word' id='word_1_41' title='bbox 681 964 712 1030; x_wconf 93' lang='lat' dir='ltr'><strong>ei</strong></span> <span class='ocrx_word' id='word_1_42' title='bbox 726 964 874 1049; x_wconf 91' lang='lat' dir='ltr'><strong>praemio</strong></span> <span class='ocrx_word' id='word_1_43' title='bbox 889 965 1049 1029; x_wconf 88' lang='lat' dir='ltr'><strong>futurum.</strong></span> 
     </span>
    </p>

    <p class='ocr_par' dir='ltr' id='par_1_3' title="bbox 200 1065 1356 2608">
     <span class='ocr_line' id='line_1_7' title="bbox 245 1065 1355 1153; baseline 0 -23"><span class='ocrx_word' id='word_1_44' title='bbox 245 1082 274 1149; x_wconf 88' lang='lat'><strong>5.</strong></span> <span class='ocrx_word' id='word_1_45' title='bbox 298 1065 362 1130; x_wconf 88' lang='lat' dir='ltr'><strong>His</strong></span> <span class='ocrx_word' id='word_1_46' title='bbox 384 1065 483 1131; x_wconf 90' lang='lat' dir='ltr'><strong>rebus</strong></span> <span class='ocrx_word' id='word_1_47' title='bbox 504 1065 620 1151; x_wconf 92' lang='lat' dir='ltr'><strong>ephori</strong></span> <span class='ocrx_word' id='word_1_48' title='bbox 642 1068 784 1152; x_wconf 89' lang='lat' dir='ltr'><strong>coguitis</strong></span> <span class='ocrx_word' id='word_1_49' title='bbox 806 1069 911 1133; x_wconf 89' lang='lat' dir='ltr'><strong>satius</strong></span> <span class='ocrx_word' id='word_1_50' title='bbox 933 1073 1092 1153; x_wconf 85' lang='lat' dir='ltr'><strong>putarunt</strong></span> <span class='ocrx_word' id='word_1_51' title='bbox 1116 1066 1152 1130; x_wconf 93' lang='lat' dir='ltr'><strong>in</strong></span> <span class='ocrx_word' id='word_1_52' title='bbox 1177 1065 1257 1131; x_wconf 91' lang='lat' dir='ltr'><strong>urbe</strong></span> <span class='ocrx_word' id='word_1_53' title='bbox 1277 1086 1355 1130; x_wconf 92' lang='lat' dir='ltr'><strong>eum</strong></span> 
     </span>
     <span class='ocr_line' id='line_1_8' title="bbox 200 1168 1356 1257; baseline -0.001 -22"><span class='ocrx_word' id='word_1_54' title='bbox 200 1168 443 1255; x_wconf 86' lang='lat' dir='ltr'><strong>comprehendi.</strong></span> <span class='ocrx_word' id='word_1_55' title='bbox 489 1191 554 1255; x_wconf 93' lang='lat' dir='ltr'><strong>quo</strong></span> <span class='ocrx_word' id='word_1_56' title='bbox 575 1191 652 1236; x_wconf 91' lang='lat' dir='ltr'><strong>cum</strong></span> <span class='ocrx_word' id='word_1_57' title='bbox 671 1176 782 1235; x_wconf 80' lang='lat' dir='ltr'><strong>essent</strong></span> <span class='ocrx_word' id='word_1_58' title='bbox 804 1171 944 1257; x_wconf 86' lang='lat' dir='ltr'><strong>profecti</strong></span> <span class='ocrx_word' id='word_1_59' title='bbox 966 1177 1001 1237; x_wconf 91' lang='lat' dir='ltr'><strong>et</strong></span> <span class='ocrx_word' id='word_1_60' title='bbox 1021 1171 1200 1236; x_wconf 88' lang='lat' dir='ltr'><strong>Pausanias</strong></span> <span class='ocrx_word' id='word_1_61' title='bbox 1222 1169 1356 1257; x_wconf 86' lang='lat' dir='ltr'><strong>placato</strong></span> 
     </span>
     <span class='ocr_line' id='line_1_9' title="bbox 200 1272 1354 1360; baseline -0.001 -23"><span class='ocrx_word' id='word_1_62' title='bbox 200 1273 339 1359; x_wconf 81' lang='lat' dir='ltr'><strong>Argilio,</strong></span> <span class='ocrx_word' id='word_1_63' title='bbox 363 1279 402 1338; x_wconf 91' lang='lat' dir='ltr'><strong>ut</strong></span> <span class='ocrx_word' id='word_1_64' title='bbox 427 1274 578 1360; x_wconf 90' lang='lat' dir='ltr'><strong>putabat,</strong></span> <span class='ocrx_word' id='word_1_65' title='bbox 600 1274 879 1341; x_wconf 74' lang='lat' dir='ltr'><strong>lacedaemonem</strong></span> <span class='ocrx_word' id='word_1_66' title='bbox 908 1280 1138 1350; x_wconf 74' lang='lat' dir='ltr'><strong>reverteretur,</strong></span> <span class='ocrx_word' id='word_1_67' title='bbox 1161 1274 1198 1337; x_wconf 90' lang='lat' dir='ltr'><strong>in</strong></span> <span class='ocrx_word' id='word_1_68' title='bbox 1223 1272 1354 1350; x_wconf 90' lang='lat' dir='ltr'><strong>itinere,</strong></span> 
     </span>
     <span class='ocr_line' id='line_1_10' title="bbox 201 1375 1355 1466; baseline -0.003 -24"><span class='ocrx_word' id='word_1_69' title='bbox 201 1397 278 1442; x_wconf 91' lang='lat' dir='ltr'><strong>cum</strong></span> <span class='ocrx_word' id='word_1_70' title='bbox 293 1377 361 1442; x_wconf 89' lang='lat' dir='ltr'><strong>iam</strong></span> <span class='ocrx_word' id='word_1_71' title='bbox 381 1378 419 1442; x_wconf 92' lang='lat' dir='ltr'><strong>in</strong></span> <span class='ocrx_word' id='word_1_72' title='bbox 434 1398 472 1442; x_wconf 91' lang='lat' dir='ltr'><strong>eo</strong></span> <span class='ocrx_word' id='word_1_73' title='bbox 487 1384 573 1443; x_wconf 90' lang='lat' dir='ltr'><strong>esset</strong></span> <span class='ocrx_word' id='word_1_74' title='bbox 593 1386 631 1442; x_wconf 91' lang='lat' dir='ltr'><strong>ut</strong></span> <span class='ocrx_word' id='word_1_75' title='bbox 649 1379 989 1466; x_wconf 75' lang='lat' dir='ltr'><strong>comprehenderetur,</strong></span> <span class='ocrx_word' id='word_1_76' title='bbox 1005 1401 1048 1443; x_wconf 86' lang='lat' dir='ltr'><strong>ex</strong></span> <span class='ocrx_word' id='word_1_77' title='bbox 1062 1378 1161 1443; x_wconf 90' lang='lat' dir='ltr'><strong>vultu</strong></span> <span class='ocrx_word' id='word_1_78' title='bbox 1182 1375 1355 1442; x_wconf 85' lang='lat' dir='ltr'><strong>cuiusdam</strong></span> 
     </span>
     <span class='ocr_line' id='line_1_11' title="bbox 201 1477 1355 1569; baseline -0.003 -24"><span class='ocrx_word' id='word_1_79' title='bbox 201 1480 326 1566; x_wconf 88' lang='lat' dir='ltr'><strong>ephori,</strong></span> <span class='ocrx_word' id='word_1_80' title='bbox 364 1482 422 1566; x_wconf 91' lang='lat' dir='ltr'><strong>qui</strong></span> <span class='ocrx_word' id='word_1_81' title='bbox 466 1503 542 1546; x_wconf 90' lang='lat' dir='ltr'><strong>eum</strong></span> <span class='ocrx_word' id='word_1_82' title='bbox 583 1483 753 1548; x_wconf 87' lang='lat' dir='ltr'><strong>admoneri</strong></span> <span class='ocrx_word' id='word_1_83' title='bbox 791 1483 957 1569; x_wconf 88' lang='lat' dir='ltr'><strong>cupiebat,</strong></span> <span class='ocrx_word' id='word_1_84' title='bbox 993 1482 1132 1548; x_wconf 80' lang='lat' dir='ltr'><strong>insidias</strong></span> <span class='ocrx_word' id='word_1_85' title='bbox 1167 1480 1240 1546; x_wconf 65' lang='lat' dir='ltr'><strong>&gt;sibi</strong></span> <span class='ocrx_word' id='word_1_86' title='bbox 1281 1477 1355 1543; x_wconf 87' lang='lat' dir='ltr'><strong>fieri</strong></span> 
     </span>
     <span class='ocr_line' id='line_1_12' title="bbox 200 1582 1355 1672; baseline -0.002 -24"><span class='ocrx_word' id='word_1_87' title='bbox 200 1582 380 1651; x_wconf 74' lang='lat' dir='ltr'><strong>intellexit.</strong></span> <span class='ocrx_word' id='word_1_88' title='bbox 424 1582 474 1672; x_wconf 78' lang='lat' dir='ltr'><strong>(a)</strong></span> <span class='ocrx_word' id='word_1_89' title='bbox 498 1585 607 1671; x_wconf 86' lang='lat' dir='ltr'><strong>itaque</strong></span> <span class='ocrx_word' id='word_1_90' title='bbox 632 1585 746 1671; x_wconf 87' lang='lat' dir='ltr'><strong>paucis</strong></span> <span class='ocrx_word' id='word_1_91' title='bbox 771 1593 851 1653; x_wconf 91' lang='lat' dir='ltr'><strong>ante</strong></span> <span class='ocrx_word' id='word_1_92' title='bbox 875 1585 1045 1672; x_wconf 85' lang='lat' dir='ltr'><strong>gradihus,</strong></span> <span class='ocrx_word' id='word_1_93' title='bbox 1068 1606 1168 1671; x_wconf 91' lang='lat' dir='ltr'><strong>quam</strong></span> <span class='ocrx_word' id='word_1_94' title='bbox 1195 1582 1253 1669; x_wconf 93' lang='lat' dir='ltr'><strong>qui</strong></span> <span class='ocrx_word' id='word_1_95' title='bbox 1277 1602 1355 1646; x_wconf 88' lang='lat' dir='ltr'><strong>eum</strong></span> 
     </span>
     <span class='ocr_line' id='line_1_13' title="bbox 202 1688 1354 1776; baseline -0.003 -25"><span class='ocrx_word' id='word_1_96' title='bbox 202 1688 433 1773; x_wconf 89' lang='lat' dir='ltr'><strong>sequebantur,</strong></span> <span class='ocrx_word' id='word_1_97' title='bbox 456 1689 493 1753; x_wconf 90' lang='lat' dir='ltr'><strong>in</strong></span> <span class='ocrx_word' id='word_1_98' title='bbox 518 1689 633 1754; x_wconf 91' lang='lat' dir='ltr'><strong>aedem</strong></span> <span class='ocrx_word' id='word_1_99' title='bbox 661 1690 841 1769; x_wconf 83' lang='lat' dir='ltr'><strong>Minervae,</strong></span> <span class='ocrx_word' id='word_1_100' title='bbox 867 1711 951 1776; x_wconf 92' lang='lat' dir='ltr'><strong>qnae</strong></span> <span class='ocrx_word' id='word_1_101' title='bbox 978 1689 1184 1754; x_wconf 80' lang='lat' dir='ltr'><strong>Chalcioicos</strong></span> <span class='ocrx_word' id='word_1_102' title='bbox 1205 1692 1354 1762; x_wconf 87' lang='lat' dir='ltr'><strong>vocatur,</strong></span> 
     </span>
     <span class='ocr_line' id='line_1_14' title="bbox 202 1789 1355 1879; baseline -0.004 -22"><span class='ocrx_word' id='word_1_103' title='bbox 202 1791 360 1878; x_wconf 85' lang='lat' dir='ltr'><strong>confugit.</strong></span> <span class='ocrx_word' id='word_1_104' title='bbox 406 1792 485 1859; x_wconf 90' lang='lat' dir='ltr'><strong>hinc</strong></span> <span class='ocrx_word' id='word_1_105' title='bbox 512 1814 555 1859; x_wconf 93' lang='lat' dir='ltr'><strong>ne</strong></span> <span class='ocrx_word' id='word_1_106' title='bbox 581 1794 672 1858; x_wconf 85' lang='lat' dir='ltr'><strong>exire</strong></span> <span class='ocrx_word' id='word_1_107' title='bbox 702 1800 823 1878; x_wconf 90' lang='lat' dir='ltr'><strong>posset,</strong></span> <span class='ocrx_word' id='word_1_108' title='bbox 849 1794 966 1859; x_wconf 87' lang='lat' dir='ltr'><strong>statim</strong></span> <span class='ocrx_word' id='word_1_109' title='bbox 996 1793 1110 1879; x_wconf 91' lang='lat' dir='ltr'><strong>ephori</strong></span> <span class='ocrx_word' id='word_1_110' title='bbox 1137 1790 1254 1856; x_wconf 82' lang='lat' dir='ltr'><strong>valvas</strong></span> <span class='ocrx_word' id='word_1_111' title='bbox 1283 1789 1355 1854; x_wconf 89' lang='lat' dir='ltr'><strong>eius</strong></span> 
     </span>
     <span class='ocr_line' id='line_1_15' title="bbox 201 1892 1354 1990; baseline -0.003 -30"><span class='ocrx_word' id='word_1_112' title='bbox 201 1894 294 1961; x_wconf 87' lang='lat' dir='ltr'><strong>aedis</strong></span> <span class='ocrx_word' id='word_1_113' title='bbox 314 1896 553 1990; x_wconf 83' lang='lat' dir='ltr'><strong>obstruxerunt</strong></span> <span class='ocrx_word' id='word_1_114' title='bbox 572 1903 761 1983; x_wconf 90' lang='lat' dir='ltr'><strong>tectumque</strong></span> <span class='ocrx_word' id='word_1_115' title='bbox 779 1905 859 1964; x_wconf 88' lang='lat' dir='ltr'><strong>sunt</strong></span> <span class='ocrx_word' id='word_1_116' title='bbox 876 1897 1036 1974; x_wconf 89' lang='lat' dir='ltr'><strong>demoliti,</strong></span> <span class='ocrx_word' id='word_1_117' title='bbox 1052 1917 1118 1983; x_wconf 91' lang='lat' dir='ltr'><strong>quo</strong></span> <span class='ocrx_word' id='word_1_118' title='bbox 1133 1893 1272 1960; x_wconf 90' lang='lat' dir='ltr'><strong>celerius</strong></span> <span class='ocrx_word' id='word_1_119' title='bbox 1291 1892 1354 1957; x_wconf 90' lang='lat' dir='ltr'><strong>sub</strong></span> 
     </span>
     <span class='ocr_line' id='line_1_16' title="bbox 201 1996 1353 2087; baseline -0.002 -24"><span class='ocrx_word' id='word_1_120' title='bbox 201 1997 281 2064; x_wconf 88' lang='lat' dir='ltr'><strong>divo</strong></span> <span class='ocrx_word' id='word_1_121' title='bbox 310 1999 471 2066; x_wconf 88' lang='lat' dir='ltr'><strong>interiret.</strong></span> <span class='ocrx_word' id='word_1_122' title='bbox 517 1997 566 2087; x_wconf 86' lang='lat'><strong>(3)</strong></span> <span class='ocrx_word' id='word_1_123' title='bbox 594 2001 719 2068; x_wconf 88' lang='lat' dir='ltr'><strong>dicitur</strong></span> <span class='ocrx_word' id='word_1_124' title='bbox 748 2024 786 2068; x_wconf 91' lang='lat' dir='ltr'><strong>eo</strong></span> <span class='ocrx_word' id='word_1_125' title='bbox 815 2009 963 2087; x_wconf 90' lang='lat' dir='ltr'><strong>tempore</strong></span> <span class='ocrx_word' id='word_1_126' title='bbox 996 2006 1137 2066; x_wconf 88' lang='lat' dir='ltr'><strong>matrem</strong></span> <span class='ocrx_word' id='word_1_127' title='bbox 1170 1996 1353 2063; x_wconf 86' lang='lat' dir='ltr'><strong>Pausaniae</strong></span> 
     </span>
     <span class='ocr_line' id='line_1_17' title="bbox 202 2100 1355 2192; baseline -0.002 -26"><span class='ocrx_word' id='word_1_128' title='bbox 202 2102 328 2169; x_wconf 83' lang='lat' dir='ltr'><strong>vixisse</strong></span> <span class='ocrx_word' id='word_1_129' title='bbox 352 2126 489 2190; x_wconf 88' lang='lat' dir='ltr'><strong>eamque</strong></span> <span class='ocrx_word' id='word_1_130' title='bbox 515 2105 583 2170; x_wconf 91' lang='lat' dir='ltr'><strong>iam</strong></span> <span class='ocrx_word' id='word_1_131' title='bbox 609 2128 730 2192; x_wconf 85' lang='lat' dir='ltr'><strong>magno</strong></span> <span class='ocrx_word' id='word_1_132' title='bbox 758 2111 851 2185; x_wconf 91' lang='lat' dir='ltr'><strong>natu,</strong></span> <span class='ocrx_word' id='word_1_133' title='bbox 872 2112 1049 2192; x_wconf 87' lang='lat' dir='ltr'><strong>postquam</strong></span> <span class='ocrx_word' id='word_1_134' title='bbox 1075 2103 1116 2168; x_wconf 94' lang='lat' dir='ltr'><strong>de</strong></span> <span class='ocrx_word' id='word_1_135' title='bbox 1145 2102 1266 2169; x_wconf 89' lang='lat' dir='ltr'><strong>scelere</strong></span> <span class='ocrx_word' id='word_1_136' title='bbox 1291 2100 1355 2164; x_wconf 88' lang='lat' dir='ltr'><strong>filii</strong></span> 
     </span>
     <span class='ocr_line' id='line_1_18' title="bbox 201 2203 1354 2296; baseline -0.003 -24"><span class='ocrx_word' id='word_1_137' title='bbox 201 2206 372 2292; x_wconf 88' lang='lat' dir='ltr'><strong>comperit,</strong></span> <span class='ocrx_word' id='word_1_138' title='bbox 408 2207 445 2273; x_wconf 90' lang='lat' dir='ltr'><strong>in</strong></span> <span class='ocrx_word' id='word_1_139' title='bbox 484 2209 600 2296; x_wconf 81' lang='lat' dir='ltr'><strong>primis</strong></span> <span class='ocrx_word' id='word_1_140' title='bbox 637 2210 680 2275; x_wconf 92' lang='lat' dir='ltr'><strong>ad</strong></span> <span class='ocrx_word' id='word_1_141' title='bbox 720 2209 828 2274; x_wconf 89' lang='lat' dir='ltr'><strong>filium</strong></span> <span class='ocrx_word' id='word_1_142' title='bbox 867 2209 1088 2275; x_wconf 88' lang='lat' dir='ltr'><strong>claudendum</strong></span> <span class='ocrx_word' id='word_1_143' title='bbox 1126 2205 1273 2293; x_wconf 86' lang='lat' dir='ltr'><strong>lapidem</strong></span> <span class='ocrx_word' id='word_1_144' title='bbox 1309 2203 1354 2269; x_wconf 83' lang='lat' dir='ltr'><strong>ad</strong></span> 
     </span>
     <span class='ocr_line' id='line_1_19' title="bbox 201 2307 1353 2399; baseline -0.001 -26"><span class='ocrx_word' id='word_1_145' title='bbox 201 2308 377 2375; x_wconf 89' lang='lat' dir='ltr'><strong>introitum</strong></span> <span class='ocrx_word' id='word_1_146' title='bbox 397 2311 488 2377; x_wconf 86' lang='lat' dir='ltr'><strong>aedis</strong></span> <span class='ocrx_word' id='word_1_147' title='bbox 510 2313 672 2379; x_wconf 84' lang='lat' dir='ltr'><strong>attulisse.</strong></span> <span class='ocrx_word' id='word_1_148' title='bbox 717 2312 764 2399; x_wconf 86' lang='lat'><strong>(4)</strong></span> <span class='ocrx_word' id='word_1_149' title='bbox 782 2313 837 2379; x_wconf 92' lang='lat' dir='ltr'><strong>hic</strong></span> <span class='ocrx_word' id='word_1_150' title='bbox 852 2335 928 2379; x_wconf 89' lang='lat' dir='ltr'><strong>cum</strong></span> <span class='ocrx_word' id='word_1_151' title='bbox 945 2311 1151 2379; x_wconf 90' lang='lat' dir='ltr'><strong>semianimis</strong></span> <span class='ocrx_word' id='word_1_152' title='bbox 1172 2311 1212 2375; x_wconf 94' lang='lat' dir='ltr'><strong>de</strong></span> <span class='ocrx_word' id='word_1_153' title='bbox 1227 2307 1353 2394; x_wconf 90' lang='lat' dir='ltr'><strong>templo</strong></span> 
     </span>
     <span class='ocr_line' id='line_1_20' title="bbox 202 2411 1354 2498; baseline 0.002 -22"><span class='ocrx_word' id='word_1_154' title='bbox 202 2411 309 2477; x_wconf 90' lang='lat' dir='ltr'><strong>elatus</strong></span> <span class='ocrx_word' id='word_1_155' title='bbox 324 2421 416 2493; x_wconf 89' lang='lat' dir='ltr'><strong>esset,</strong></span> <span class='ocrx_word' id='word_1_156' title='bbox 429 2415 604 2481; x_wconf 85' lang='lat' dir='ltr'><strong>confestim</strong></span> <span class='ocrx_word' id='word_1_157' title='bbox 616 2416 764 2481; x_wconf 90' lang='lat' dir='ltr'><strong>animam</strong></span> <span class='ocrx_word' id='word_1_158' title='bbox 775 2415 907 2483; x_wconf 86' lang='lat' dir='ltr'><strong>efflavit</strong></span> <span class='ocrx_word' id='word_1_159' title='bbox 942 2416 990 2482; x_wconf 90' lang='lat' dir='ltr'><strong>sic</strong></span> <span class='ocrx_word' id='word_1_160' title='bbox 1001 2415 1183 2482; x_wconf 85' lang='lat' dir='ltr'><strong>Pausanias</strong></span> <span class='ocrx_word' id='word_1_161' title='bbox 1197 2432 1354 2498; x_wconf 86' lang='lat' dir='ltr'><strong>magnam</strong></span> 
     </span>
     <span class='ocr_line' id='line_1_21' title="bbox 202 2515 1354 2608; baseline -0.001 -28"><span class='ocrx_word' id='word_1_162' title='bbox 202 2515 281 2581; x_wconf 94' lang='lat' dir='ltr'><strong>belli</strong></span> <span class='ocrx_word' id='word_1_163' title='bbox 295 2517 435 2603; x_wconf 85' lang='lat' dir='ltr'><strong>gloriam</strong></span> <span class='ocrx_word' id='word_1_164' title='bbox 451 2519 542 2605; x_wconf 89' lang='lat' dir='ltr'><strong>turpi</strong></span> <span class='ocrx_word' id='word_1_165' title='bbox 558 2527 661 2585; x_wconf 86' lang='lat' dir='ltr'><strong>morte</strong></span> <span class='ocrx_word' id='word_1_166' title='bbox 679 2521 869 2586; x_wconf 86' lang='lat' dir='ltr'><strong>maculavit</strong></span> <span class='ocrx_word' id='word_1_167' title='bbox 915 2519 962 2608; x_wconf 84' lang='lat'><strong>(5)</strong></span> <span class='ocrx_word' id='word_1_168' title='bbox 979 2520 1073 2585; x_wconf 91' lang='lat' dir='ltr'><strong>cuius</strong></span> <span class='ocrx_word' id='word_1_169' title='bbox 1090 2517 1216 2584; x_wconf 89' lang='lat' dir='ltr'><strong>mortui</strong></span> <span class='ocrx_word' id='word_1_170' title='bbox 1233 2537 1354 2600; x_wconf 86' lang='lat' dir='ltr'><strong>corpus</strong></span> 
     </span>
    </p>
   </div>
   <div class='ocr_carea' id='block_1_3' title="bbox 200 2619 1354 3122">
    <p class='ocr_par' dir='ltr' id='par_1_4' title="bbox 200 2619 1354 3122">
     <span class='ocr_line' id='line_1_22' title="bbox 202 2619 1354 2712; baseline -0.003 -26"><span class='ocrx_word' id='word_1_171' title='bbox 202 2642 278 2686; x_wconf 89' lang='lat' dir='ltr'><strong>cum</strong></span> <span class='ocrx_word' id='word_1_172' title='bbox 301 2621 414 2687; x_wconf 91' lang='lat' dir='ltr'><strong>eodem</strong></span> <span class='ocrx_word' id='word_1_173' title='bbox 437 2623 589 2688; x_wconf 91' lang='lat' dir='ltr'><strong>nonnulli</strong></span> <span class='ocrx_word' id='word_1_174' title='bbox 611 2625 759 2690; x_wconf 90' lang='lat' dir='ltr'><strong>dicerent</strong></span> <span class='ocrx_word' id='word_1_175' title='bbox 780 2624 895 2690; x_wconf 81' lang='lat' dir='ltr'><strong>inferri</strong></span> <span class='ocrx_word' id='word_1_176' title='bbox 917 2631 1076 2712; x_wconf 88' lang='lat' dir='ltr'><strong>oportere,</strong></span> <span class='ocrx_word' id='word_1_177' title='bbox 1093 2645 1159 2711; x_wconf 93' lang='lat' dir='ltr'><strong>quo</strong></span> <span class='ocrx_word' id='word_1_178' title='bbox 1180 2623 1206 2686; x_wconf 93' lang='lat' dir='ltr'><strong>ii</strong></span> <span class='ocrx_word' id='word_1_179' title='bbox 1229 2619 1287 2706; x_wconf 91' lang='lat' dir='ltr'><strong>qui</strong></span> <span class='ocrx_word' id='word_1_180' title='bbox 1309 2619 1354 2684; x_wconf 92' lang='lat' dir='ltr'><strong>ad</strong></span> 
     </span>
     <span class='ocr_line' id='line_1_23' title="bbox 202 2724 1353 2816; baseline -0.001 -28"><span class='ocrx_word' id='word_1_181' title='bbox 202 2725 402 2811; x_wconf 88' lang='lat' dir='ltr'><strong>supplicium</strong></span> <span class='ocrx_word' id='word_1_182' title='bbox 428 2735 535 2793; x_wconf 79' lang='lat' dir='ltr'><strong>essent</strong></span> <span class='ocrx_word' id='word_1_183' title='bbox 560 2728 639 2806; x_wconf 88' lang='lat' dir='ltr'><strong>dati,</strong></span> <span class='ocrx_word' id='word_1_184' title='bbox 665 2728 837 2814; x_wconf 90' lang='lat' dir='ltr'><strong>displicuit</strong></span> <span class='ocrx_word' id='word_1_185' title='bbox 862 2729 1023 2816; x_wconf 91' lang='lat' dir='ltr'><strong>pluribus,</strong></span> <span class='ocrx_word' id='word_1_186' title='bbox 1046 2737 1080 2794; x_wconf 92' lang='lat' dir='ltr'><strong>et</strong></span> <span class='ocrx_word' id='word_1_187' title='bbox 1106 2725 1222 2814; x_wconf 91' lang='lat' dir='ltr'><strong>procul</strong></span> <span class='ocrx_word' id='word_1_188' title='bbox 1246 2724 1288 2789; x_wconf 92' lang='lat' dir='ltr'><strong>ab</strong></span> <span class='ocrx_word' id='word_1_189' title='bbox 1314 2745 1353 2788; x_wconf 94' lang='lat' dir='ltr'><strong>eo</strong></span> 
     </span>
     <span class='ocr_line' id='line_1_24' title="bbox 202 2814 1353 2917; baseline -0.001 -26"><span class='ocrx_word' id='word_1_190' title='bbox 202 2826 277 2894; x_wconf 93' lang='lat' dir='ltr'><strong>loco</strong></span> <span class='ocrx_word' id='word_1_191' title='bbox 292 2814 495 2906; x_wconf 84' lang='lat' dir='ltr'><strong>infoderunt,¹</strong></span> <span class='ocrx_word' id='word_1_192' title='bbox 505 2853 571 2917; x_wconf 93' lang='lat' dir='ltr'><strong>quo</strong></span> <span class='ocrx_word' id='word_1_193' title='bbox 586 2838 657 2896; x_wconf 88' lang='lat' dir='ltr'><strong>erat</strong></span> <span class='ocrx_word' id='word_1_194' title='bbox 672 2839 832 2897; x_wconf 88' lang='lat' dir='ltr'><strong>mortuus.</strong></span> <span class='ocrx_word' id='word_1_195' title='bbox 866 2832 943 2897; x_wconf 90' lang='lat' dir='ltr'><strong>inde</strong></span> <span class='ocrx_word' id='word_1_196' title='bbox 957 2832 1120 2917; x_wconf 82' lang='lat' dir='ltr'><strong>posterius</strong></span> <span class='ocrx_word' id='word_1_197' title='bbox 1131 2830 1186 2895; x_wconf 83' lang='lat' dir='ltr'><strong>dei</strong></span> <span class='ocrx_word' id='word_1_198' title='bbox 1198 2826 1353 2912; x_wconf 85' lang='lat' dir='ltr'><strong>Delphici</strong></span> 
     </span>
     <span class='ocr_line' id='line_1_25' title="bbox 202 2933 1353 3023; baseline 0.001 -28"><span class='ocrx_word' id='word_1_199' title='bbox 202 2953 360 3018; x_wconf 91' lang='lat' dir='ltr'><strong>responso</strong></span> <span class='ocrx_word' id='word_1_200' title='bbox 389 2941 504 3000; x_wconf 90' lang='lat' dir='ltr'><strong>erutus</strong></span> <span class='ocrx_word' id='word_1_201' title='bbox 532 2942 633 3022; x_wconf 87' lang='lat' dir='ltr'><strong>atquo</strong></span> <span class='ocrx_word' id='word_1_202' title='bbox 663 2936 778 3001; x_wconf 89' lang='lat' dir='ltr'><strong>eodem</strong></span> <span class='ocrx_word' id='word_1_203' title='bbox 808 2937 879 3002; x_wconf 90' lang='lat' dir='ltr'><strong>loco</strong></span> <span class='ocrx_word' id='word_1_204' title='bbox 906 2937 1055 3023; x_wconf 91' lang='lat' dir='ltr'><strong>sepultus</strong></span> <span class='ocrx_word' id='word_1_205' title='bbox 1083 2939 1137 3014; x_wconf 79' lang='lat' dir='ltr'><strong>ast,</strong></span> <span class='ocrx_word' id='word_1_206' title='bbox 1160 2934 1219 2998; x_wconf 92' lang='lat' dir='ltr'><strong>ubi</strong></span> <span class='ocrx_word' id='word_1_207' title='bbox 1246 2933 1353 2997; x_wconf 88' lang='lat' dir='ltr'><strong>vitam</strong></span> 
     </span>
     <span class='ocr_line' id='line_1_26' title="bbox 200 3045 365 3122; baseline 0 -23"><span class='ocrx_word' id='word_1_208' title='bbox 200 3045 365 3122; x_wconf 91' lang='lat' dir='ltr'><strong>posuerat.</strong></span> 
     </span>
    </p>
   </div>
   <div class='ocr_carea' id='block_1_4' title="bbox 201 3174 1353 4090">
    <p class='ocr_par' dir='ltr' id='par_1_5' title="bbox 201 3174 1353 4090">
     <span class='ocr_line' id='line_1_27' title="bbox 246 3174 1353 3264; baseline -0.002 -24"><span class='ocrx_word' id='word_1_209' title='bbox 246 3186 276 3240; x_wconf 81' lang='lat'><strong>¹7.</strong></span> <span class='ocrx_word' id='word_1_210' title='bbox 292 3174 415 3240; x_wconf 84' lang='lat' dir='ltr'><strong>Justin.</strong></span> <span class='ocrx_word' id='word_1_211' title='bbox 434 3174 469 3239; x_wconf 89' lang='lat' dir='ltr'><strong>ii.</strong></span> <span class='ocrx_word' id='word_1_212' title='bbox 491 3191 545 3258; x_wconf 87' lang='lat'><strong>15:</strong></span> <span class='ocrx_word' id='word_1_213' title='bbox 575 3176 784 3264; x_wconf 81' lang='lat' dir='ltr'><strong>(Pausanias)</strong></span> <span class='ocrx_word' id='word_1_214' title='bbox 806 3199 866 3263; x_wconf 92' lang='lat' dir='ltr'><strong>pro</strong></span> <span class='ocrx_word' id='word_1_215' title='bbox 889 3177 1011 3242; x_wconf 91' lang='lat' dir='ltr'><strong>ducatu</strong></span> <span class='ocrx_word' id='word_1_216' title='bbox 1034 3198 1173 3263; x_wconf 87' lang='lat' dir='ltr'><strong>regnum</strong></span> <span class='ocrx_word' id='word_1_217' title='bbox 1196 3174 1353 3240; x_wconf 84' lang='lat' dir='ltr'><strong>Graeciae</strong></span> 
     </span>
     <span class='ocr_line' id='line_1_28' title="bbox 202 3277 1353 3367; baseline 0.001 -25"><span class='ocrx_word' id='word_1_218' title='bbox 202 3278 372 3343; x_wconf 82' lang='lat' dir='ltr'><strong>adfectans</strong></span> <span class='ocrx_word' id='word_1_219' title='bbox 402 3280 600 3366; x_wconf 91' lang='lat' dir='ltr'><strong>proditionis</strong></span> <span class='ocrx_word' id='word_1_220' title='bbox 633 3281 817 3367; x_wconf 91' lang='lat' dir='ltr'><strong>praemium</strong></span> <span class='ocrx_word' id='word_1_221' title='bbox 848 3303 923 3348; x_wconf 92' lang='lat' dir='ltr'><strong>cum</strong></span> <span class='ocrx_word' id='word_1_222' title='bbox 953 3281 1063 3346; x_wconf 88' lang='lat' dir='ltr'><strong>Xerxe</strong></span> <span class='ocrx_word' id='word_1_223' title='bbox 1095 3280 1231 3365; x_wconf 88' lang='lat' dir='ltr'><strong>nuptias</strong></span> <span class='ocrx_word' id='word_1_224' title='bbox 1265 3277 1353 3343; x_wconf 89' lang='lat' dir='ltr'><strong>filiae</strong></span> 
     </span>
     <span class='ocr_line' id='line_1_29' title="bbox 202 3381 1352 3471; baseline 0.002 -26"><span class='ocrx_word' id='word_1_225' title='bbox 202 3382 273 3447; x_wconf 85' lang='lat' dir='ltr'><strong>eius</strong></span> <span class='ocrx_word' id='word_1_226' title='bbox 289 3383 467 3468; x_wconf 87' lang='lat' dir='ltr'><strong>paciscitur</strong></span> <span class='ocrx_word' id='word_1_227' title='bbox 482 3384 620 3450; x_wconf 88' lang='lat' dir='ltr'><strong>redditis</strong></span> <span class='ocrx_word' id='word_1_228' title='bbox 638 3386 789 3471; x_wconf 88' lang='lat' dir='ltr'><strong>captivis,</strong></span> <span class='ocrx_word' id='word_1_229' title='bbox 804 3392 843 3450; x_wconf 91' lang='lat' dir='ltr'><strong>ut</strong></span> <span class='ocrx_word' id='word_1_230' title='bbox 860 3386 942 3451; x_wconf 90' lang='lat' dir='ltr'><strong>fides</strong></span> <span class='ocrx_word' id='word_1_231' title='bbox 958 3385 1044 3471; x_wconf 88' lang='lat' dir='ltr'><strong>regis</strong></span> <span class='ocrx_word' id='word_1_232' title='bbox 1063 3383 1175 3469; x_wconf 85' lang='lat' dir='ltr'><strong>aliquo</strong></span> <span class='ocrx_word' id='word_1_233' title='bbox 1193 3381 1352 3447; x_wconf 87' lang='lat' dir='ltr'><strong>beneficio</strong></span> 
     </span>
     <span class='ocr_line' id='line_1_30' title="bbox 203 3485 1352 3574; baseline -0.001 -24"><span class='ocrx_word' id='word_1_234' title='bbox 203 3486 472 3572; x_wconf 85' lang='lat' dir='ltr'><strong>obstringeretur.</strong></span> <span class='ocrx_word' id='word_1_235' title='bbox 517 3488 634 3554; x_wconf 89' lang='lat' dir='ltr'><strong>scribit</strong></span> <span class='ocrx_word' id='word_1_236' title='bbox 662 3495 834 3574; x_wconf 89' lang='lat' dir='ltr'><strong>praeterea</strong></span> <span class='ocrx_word' id='word_1_237' title='bbox 862 3489 975 3566; x_wconf 85' lang='lat' dir='ltr'><strong>Xerxi,</strong></span> <span class='ocrx_word' id='word_1_238' title='bbox 1002 3508 1215 3574; x_wconf 89' lang='lat' dir='ltr'><strong>quoscunque</strong></span> <span class='ocrx_word' id='word_1_239' title='bbox 1244 3485 1286 3549; x_wconf 91' lang='lat' dir='ltr'><strong>ad</strong></span> <span class='ocrx_word' id='word_1_240' title='bbox 1317 3506 1352 3550; x_wconf 90' lang='lat' dir='ltr'><strong>se</strong></span> 
     </span>
     <span class='ocr_line' id='line_1_31' title="bbox 202 3589 1352 3678; baseline -0.003 -24"><span class='ocrx_word' id='word_1_241' title='bbox 202 3591 337 3656; x_wconf 91' lang='lat' dir='ltr'><strong>nuutios</strong></span> <span class='ocrx_word' id='word_1_242' title='bbox 372 3592 526 3672; x_wconf 89' lang='lat' dir='ltr'><strong>misisset,</strong></span> <span class='ocrx_word' id='word_1_243' title='bbox 554 3593 764 3672; x_wconf 88' lang='lat' dir='ltr'><strong>interficeret,</strong></span> <span class='ocrx_word' id='word_1_244' title='bbox 794 3615 836 3658; x_wconf 88' lang='lat' dir='ltr'><strong>ne</strong></span> <span class='ocrx_word' id='word_1_245' title='bbox 865 3615 916 3657; x_wconf 84' lang='lat' dir='ltr'><strong>res</strong></span> <span class='ocrx_word' id='word_1_246' title='bbox 944 3592 1147 3678; x_wconf 90' lang='lat' dir='ltr'><strong>loquacitate</strong></span> <span class='ocrx_word' id='word_1_247' title='bbox 1178 3589 1352 3655; x_wconf 90' lang='lat' dir='ltr'><strong>hominum</strong></span> 
     </span>
     <span class='ocr_line' id='line_1_32' title="bbox 201 3691 1352 3780; baseline -0.002 -21"><span class='ocrx_word' id='word_1_248' title='bbox 201 3695 402 3780; x_wconf 85' lang='lat' dir='ltr'><strong>proderetur.</strong></span> <span class='ocrx_word' id='word_1_249' title='bbox 447 3696 505 3761; x_wconf 89' lang='lat' dir='ltr'><strong>sed</strong></span> <span class='ocrx_word' id='word_1_250' title='bbox 538 3697 607 3761; x_wconf 87' lang='lat' dir='ltr'><strong>dux</strong></span> <span class='ocrx_word' id='word_1_251' title='bbox 640 3697 895 3762; x_wconf 85' lang='lat' dir='ltr'><strong>Atheniensium</strong></span> <span class='ocrx_word' id='word_1_252' title='bbox 925 3696 1097 3773; x_wconf 85' lang='lat' dir='ltr'><strong>Aristides,</strong></span> <span class='ocrx_word' id='word_1_253' title='bbox 1127 3693 1207 3759; x_wconf 90' lang='lat' dir='ltr'><strong>belli</strong></span> <span class='ocrx_word' id='word_1_254' title='bbox 1244 3691 1352 3758; x_wconf 88' lang='lat' dir='ltr'><strong>socius</strong></span> 
     </span>
     <span class='ocr_line' id='line_1_33' title="bbox 201 3796 1352 3886; baseline -0.002 -24"><span class='ocrx_word' id='word_1_255' title='bbox 201 3797 324 3863; x_wconf 86' lang='lat' dir='ltr'><strong>electus</strong></span> <span class='ocrx_word' id='word_1_256' title='bbox 350 3799 494 3886; x_wconf 88' lang='lat' dir='ltr'><strong>collegae</strong></span> <span class='ocrx_word' id='word_1_257' title='bbox 523 3799 698 3866; x_wconf 89' lang='lat' dir='ltr'><strong>conatibus</strong></span> <span class='ocrx_word' id='word_1_258' title='bbox 728 3800 863 3866; x_wconf 90' lang='lat' dir='ltr'><strong>obviam</strong></span> <span class='ocrx_word' id='word_1_259' title='bbox 892 3799 1001 3864; x_wconf 92' lang='lat' dir='ltr'><strong>eundo</strong></span> <span class='ocrx_word' id='word_1_260' title='bbox 1031 3797 1131 3863; x_wconf 91' lang='lat' dir='ltr'><strong>simul</strong></span> <span class='ocrx_word' id='word_1_261' title='bbox 1161 3802 1195 3863; x_wconf 92' lang='lat' dir='ltr'><strong>et</strong></span> <span class='ocrx_word' id='word_1_262' title='bbox 1220 3796 1257 3860; x_wconf 92' lang='lat' dir='ltr'><strong>in</strong></span> <span class='ocrx_word' id='word_1_263' title='bbox 1281 3809 1352 3860; x_wconf 92' lang='lat' dir='ltr'><strong>rem</strong></span> 
     </span>
     <span class='ocr_line' id='line_1_34' title="bbox 201 3899 1351 3988; baseline -0.002 -23"><span class='ocrx_word' id='word_1_264' title='bbox 201 3902 369 3988; x_wconf 88' lang='lat' dir='ltr'><strong>sapienter</strong></span> <span class='ocrx_word' id='word_1_265' title='bbox 384 3903 585 3968; x_wconf 88' lang='lat' dir='ltr'><strong>consulendo</strong></span> <span class='ocrx_word' id='word_1_266' title='bbox 600 3903 800 3988; x_wconf 90' lang='lat' dir='ltr'><strong>proditionis</strong></span> <span class='ocrx_word' id='word_1_267' title='bbox 815 3902 955 3968; x_wconf 89' lang='lat' dir='ltr'><strong>consilia</strong></span> <span class='ocrx_word' id='word_1_268' title='bbox 968 3902 1131 3968; x_wconf 90' lang='lat' dir='ltr'><strong>discussit.</strong></span> <span class='ocrx_word' id='word_1_269' title='bbox 1169 3922 1229 3966; x_wconf 90' lang='lat' dir='ltr'><strong>nec</strong></span> <span class='ocrx_word' id='word_1_270' title='bbox 1244 3899 1351 3964; x_wconf 91' lang='lat' dir='ltr'><strong>multo</strong></span> 
     </span>
     <span class='ocr_line' id='line_1_35' title="bbox 201 4006 868 4090; baseline 0.001 -20"><span class='ocrx_word' id='word_1_271' title='bbox 201 4013 278 4090; x_wconf 89' lang='lat' dir='ltr'><strong>post</strong></span> <span class='ocrx_word' id='word_1_272' title='bbox 295 4014 467 4071; x_wconf 89' lang='lat' dir='ltr'><strong>accusatus</strong></span> <span class='ocrx_word' id='word_1_273' title='bbox 482 4006 663 4071; x_wconf 89' lang='lat' dir='ltr'><strong>Pausanias</strong></span> <span class='ocrx_word' id='word_1_274' title='bbox 682 4007 868 4072; x_wconf 90' lang='lat' dir='ltr'><strong>damnatur.</strong></span> 
     </span>
    </p>
   </div>
   <div class='ocr_carea' id='block_1_5' title="bbox 201 4142 1351 4439">
    <p class='ocr_par' dir='ltr' id='par_1_6' title="bbox 201 4142 1351 4439">
     <span class='ocr_line' id='line_1_36' title="bbox 247 4142 1350 4233; baseline 0 -27"><span class='ocrx_word' id='word_1_275' title='bbox 247 4153 278 4206; x_wconf 85' lang='grc'><strong>8.</strong></span> <span class='ocrx_word' id='word_1_276' title='bbox 302 4142 410 4207; x_wconf 83' lang='lat' dir='ltr'><strong>Schol.</strong></span> <span class='ocrx_word' id='word_1_277' title='bbox 435 4143 479 4208; x_wconf 82' lang='lat' dir='ltr'><strong>ad</strong></span> <span class='ocrx_word' id='word_1_278' title='bbox 508 4145 564 4209; x_wconf 81' lang='lat' dir='ltr'><strong>Ar.</strong></span> <span class='ocrx_word' id='word_1_279' title='bbox 591 4143 651 4228; x_wconf 80' lang='lat' dir='ltr'><strong>Eq.</strong></span> <span class='ocrx_word' id='word_1_280' title='bbox 679 4145 739 4224; x_wconf 88' lang='lat'><strong>84:</strong></span> <span class='ocrx_word' id='word_1_281' title='bbox 777 4143 879 4233; x_wconf 82' lang='grc' dir='ltr'>(Μετὰ</span> <span class='ocrx_word' id='word_1_282' title='bbox 905 4144 959 4225; x_wconf 79' lang='grc' dir='ltr'><strong>τὴν</strong></span> <span class='ocrx_word' id='word_1_283' title='bbox 987 4142 1102 4227; x_wconf 79' lang='grc' dir='ltr'>Ξέρξου</span> <span class='ocrx_word' id='word_1_284' title='bbox 1127 4144 1229 4226; x_wconf 77' lang='grc' dir='ltr'>φυγὴν</span> <span class='ocrx_word' id='word_1_285' title='bbox 1255 4147 1350 4206; x_wconf 83' lang='grc' dir='ltr'>Λακε-</span> 
     </span>
     <span class='ocr_line' id='line_1_37' title="bbox 201 4246 1351 4331; baseline -0.001 -22"><span class='ocrx_word' id='word_1_286' title='bbox 201 4248 351 4326; x_wconf 80' lang='grc' dir='ltr'><strong>δαιμόνιοι</strong></span> <span class='ocrx_word' id='word_1_287' title='bbox 376 4250 539 4328; x_wconf 82' lang='grc' dir='ltr'>προδοσίας</span> <span class='ocrx_word' id='word_1_288' title='bbox 568 4251 699 4331; x_wconf 80' lang='grc' dir='ltr'><strong>κρίνουσι</strong></span> <span class='ocrx_word' id='word_1_289' title='bbox 727 4247 775 4313; x_wconf 78' lang='grc' dir='ltr'><strong>καὶ</strong></span> <span class='ocrx_word' id='word_1_290' title='bbox 801 4249 964 4330; x_wconf 80' lang='grc' dir='ltr'>φονεύουσι</span> <span class='ocrx_word' id='word_1_291' title='bbox 989 4248 1165 4314; x_wconf 76' lang='grc' dir='ltr'>Παυσανίαν</span> <span class='ocrx_word' id='word_1_292' title='bbox 1191 4246 1244 4310; x_wconf 81' lang='grc' dir='ltr'><strong>τὸν</strong></span> <span class='ocrx_word' id='word_1_293' title='bbox 1274 4248 1351 4310; x_wconf 79' lang='grc' dir='ltr'>ἴδιον</span> 
     </span>
     <span class='ocr_line' id='line_1_38' title="bbox 201 4348 935 4439; baseline 0.003 -25"><span class='ocrx_word' id='word_1_294' title='bbox 201 4349 346 4432; x_wconf 74' lang='grc' dir='ltr'><strong>βασιλέα,</strong></span> <span class='ocrx_word' id='word_1_295' title='bbox 362 4353 580 4435; x_wconf 78' lang='grc' dir='ltr'>Κλεομβρότου</span> <span class='ocrx_word' id='word_1_296' title='bbox 596 4349 644 4417; x_wconf 79' lang='grc' dir='ltr'><strong>καὶ</strong></span> <span class='ocrx_word' id='word_1_297' title='bbox 659 4350 830 4420; x_wconf 82' lang='grc' dir='ltr'>Ἀλκοθόος</span> <span class='ocrx_word' id='word_1_298' title='bbox 846 4348 935 4439; x_wconf 80' lang='grc' dir='ltr'>υἱόν).</span> 
     </span>
    </p>
   </div>
   <div class='ocr_carea' id='block_1_6' title="bbox 0 0 1504 5046">
    <p class='ocr_par' dir='ltr' id='par_1_7' title="bbox 0 0 1504 5046">
     <span class='ocr_line' id='line_1_39' title="bbox 0 0 1504 5046; baseline 0 0"><span class='ocrx_word' id='word_1_299' title='bbox 0 0 1504 5046; x_wconf 95' lang='lat' dir='ltr'><strong> </strong></span> 
     </span>
    </p>
   </div>
  </div>
 </body>
</html>
