3000 5046
221 363 280 423 162
435 363 665 421 EXTERNAL
691 361 890 421 HISTORY
913 362 971 421 OF
990 360 1175 431 ATHENS,
1235 367 1298 433 [οια
1312 371 1370 417 111.

262 557 398 655 Ηὶοτου.
422 556 473 623 Ol.
498 559 548 624 82.
573 576 610 623 2:
641 556 784 622 Romani
807 578 866 642 per
887 557 1012 642 legatos
1038 555 1082 622 ab
1110 555 1369 621 Atheniensibus

216 660 473 748 impetierunt
491 682 533 726 ex
551 661 672 748 quibus
686 660 859 726 duodecim
874 659 1008 726 tabulae
1023 658 1237 726 conseribtao.

715 864 867 922 ’Μαι-ἰοί.

449 994 513 1062 ww
534 993 703 1081 βγδατίόιι
724 1001 762 1059 αἱ
783 992 922 1062 Skidros
943 994 1017 1060 αιιό
1038 993 1134 1060 Laos.

259 1138 335 1192 8³8.
358 1125 440 1192 Hdt.
456 1125 502 1191 vi.
520 1144 570 1191 21.

258 1258 334 1314 830.
359 1246 469 1313 Sssrab.
485 1241 532 1313 vi.¹
551 1267 579 1312 1.
600 1266 613 1310 1
633 1245 736 1334 (253):
760 1248 848 1310 Μετδ
863 1250 896 1312 δὲ
912 1243 1070 1326 Πυξοῦντα
1086 1250 1167 1312 Λῶος
1187 1246 1299 1312 κόλπος
1318 1245 1366 1310 καί
1422 1302 1426 1307 .

214 1351 347 1434 ποταμδς
362 1349 410 1416 καὶ
426 1352 523 1430 πόλις,
533 1351 647 1435 ἑσχότη
659 1357 719 1416 τῶν
734 1352 931 1429 Λευκανίδων,
942 1350 1047 1434 μικρὸν
1058 1352 1193 1433 ὑπὲρτῆς
1204 1347 1364 1428 θαλόττης,

213 1457 339 1523 ἄποικος
355 1460 541 1540 Συβαριτῶν.

257 1587 337 1642 340.
357 1572 449 1642 Ιδίεί.
464 1595 501 1661 13
517 1573 625 1662 (263):
642 1573 720 1640 Ὕπδ
734 1574 835 1653 μέντοι
849 1579 965 1663 τρυφῆς
980 1573 1029 1640 καλ
1043 1576 1159 1658 ὕβρεως
1174 1574 1297 1640 ἅπασαν
1311 1577 1367 1655 τήν

213 1680 403 1762 εὐδαιμονίαν
423 1681 619 1766 ἀφῃρέθησαν
637 1680 696 1743 ύπδ
715 1685 930 1762 Κροτωνιατῶν
949 1681 983 1744 ἐν
1004 1678 1127 1763 ἡμέραις
1149 1679 1364 1760 ἑβδομήκοντα

123 1769 128 1781 ’
213 1787 334 1851 έλόντες
343 1784 402 1868 γὰρ
410 1785 466 1864 τὴν
474 1784 566 1850 πόλιν
577 1781 730 1866 ἐπήγαγον
742 1789 794 1848 τδν
807 1789 941 1861 ποταμὸν
952 1783 1001 1847 καὶ
1013 1782 1208 1848 κατέκλυσαν.
1237 1785 1365 1868 ὕστερον

212 1887 239 1955 δ’
255 1890 284 1953 οἱ
300 1888 532 1972 περιγενόμενοι,
548 1887 745 1953 συνελθόντες
766 1885 900 1972 ἐπῴκουν
914 1888 1023 1970 όλίγοι.
1059 1889 1158 1972 χρόνῳ
1171 1889 1203 1952 δὲ
1221 1885 1270 1953 καί
1281 1885 1364 1953 οὗτοι

212 1993 419 2077 διεφθάρησαν
439 1993 499 2058 ὑπὸ
522 1991 691 2071 Ἀθηναίων
711 1991 759 2055 καὶ
783 1991 889 2056 ἄλλων
901 1988 1071 2070 Ἑλλήνων,
1087 1990 1116 2055 οδ
1132 1989 1363 2072 συνοικήσοντες

210 2101 267 2178 μὶν
290 2099 415 2164 ἐκείνοις
439 2096 593 2179 δφίκοντο,
608 2093 890 2180 καταφρονήσαντες
911 2100 945 2163 δδ
959 2096 1056 2160 αὐτῶν
1070 2094 1139 2162 τοὺς
1152 2099 1209 2176 μὶν
1223 2100 1363 2181 διεχειρί-

211 2226 322 2266 σαντο.
341 2249 348 2265 .
368 2200 445 2281 ahu
471 2205 504 2268 δὲ
528 2200 621 2265 πόλιν
647 2202 690 2266 είς
717 2200 820 2284 ἕτερον
846 2202 939 2265 τόπον
963 2198 1131 2280 μετέθηκαν
1156 2202 1291 2281 πλησίου
1313 2199 1361 2266 καὶ

211 2306 358 2386 Θουρίους
374 2305 625 2387 προσηγόρευσαν
639 2302 700 2367 δπδ
715 2301 822 2387 κρήνης
838 2303 1003 2384 ὁμωνύμου.

252 2434 323 2488 841.
346 2422 445 2491 Diod.
468 2422 513 2488 xi.
539 2422 592 2503 48.
622 2444 658 2509 3:
692 2421 796 2506 Ἱέρων
821 2427 853 2489 δὲ
877 2425 894 2488 δ
915 2423 1066 2506 βασιλεὺς
1090 2429 1150 2488 τῶν
1168 2425 1364 2504 Συρακοσίων

208 2525 285 2609 μετὰ
300 2528 354 2609 τὴν
369 2531 420 2592 τοῦ
442 2526 582 2595 Γέλωνος
601 2527 747 2608 τελευτὴν
768 2526 820 2592 τὸν
841 2529 898 2607 μὲν
920 2529 1057 2609 ἆδελφδν
1080 2528 1262 2607 Πολύζηλον
1284 2528 1363 2610 δρῶν

123 2656 129 2668 ·
210 2630 422 2713 εὐδοκιμοῦντα
448 2633 528 2713 παρῶ
555 2636 617 2698 τοῖς
642 2633 848 2714 Συρακοσίοις,
876 2632 925 2696 καὶ
955 2631 1082 2710 νομίζων
1115 2631 1205 2696 αύτδν
1234 2631 1363 2712 ἔφεδρον

209 2735 358 2821 ὖπόρχειν
381 2738 435 2815 τῆς
460 2735 637 2817 βασιλείας,
662 2735 809 2800 έσπευδεν
833 2736 968 2800 ἐκποδῶν
992 2733 1192 2815 ποιήσασθαι,
1214 2734 1304 2801 αὐτὸς
1328 2737 1361 2799 δὲ

211 2835 385 2922 ξενολογῶν
412 2836 460 2903 καί
479 2839 549 2920 περὶ
573 2841 663 2902 αὖτδν
686 2839 828 2919 σύστημα
852 2837 948 2920 ξένων
969 2838 1203 2920 παρασκευάζων
1227 2837 1362 2916 ὑπελόμ-

211 2949 307 3023 βανεν
336 2943 485 3023 ἀσφαλῶς
511 2939 648 3020 καθέξειν
674 2941 729 3021 τήν
754 2944 930 3023 βασιλείαν.
973 2939 1023 3031 (4)
1043 2941 1090 3007 διδ
1113 2943 1163 3007 καὶ
1185 2946 1363 3023 Συβαριτῶν

210 3045 474 3126 πολιορκουμένων
484 3045 543 3109 ύπδ
556 3049 770 3128 Κροτωνιατῶν
781 3044 828 3111 καί
840 3045 989 3124 δεομένων
999 3049 1163 3126 βοηθῆσαι,
1177 3046 1362 3127 στρατιῶται

208 3149 345 3214 πολλοὺς
375 3148 565 3231 κατέγραψεν
596 3151 640 3215 είς
669 3149 725 3228 τήν
756 3148 910 3230 στρατιόν,
936 3147 975 3227 ἣν
1003 3149 1162 3229 παρεδίδου
1191 3147 1361 3232 Πολυζήλιρ

207 3252 348 3341 τᾶδελφῷ
364 3251 494 3331 νομίζων
509 3251 598 3317 αὐτὸν
613 3253 671 3316 ύπδ
693 3260 753 3317 τῶν
774 3256 989 3334 Κροτωνιατῶν
1005 3251 1267 3330 ἀναιρεθήσεσθαι.
1311 3250 1361 3339 (5)

206 3359 260 3420 τοῦ
291 3358 324 3420 δὲ
356 3353 537 3433 Πολυζήλου
567 3355 641 3437 πρδς
670 3356 726 3434 τὴν
756 3357 917 3436 στρατείαν
952 3357 1010 3439 οὐχ
1042 3356 1269 3421 ὑπακούσαντος
1307 3354 1357 3418 διδ

208 3458 263 3538 τήν
283 3461 430 3543 ῥηθεῖσαν
453 3460 599 3541 ὑποψίαν,
624 3458 661 3524 δι’
686 3460 777 3543 όργῆς
802 3459 867 3544 εἶχε
891 3465 944 3526 τδν
969 3459 1115 3540 ἀδελφόν,
1138 3457 1186 3522 καὶ
1210 3458 1360 3541 φυγόντος

208 3569 282 3646 πρδς
305 3562 435 3644 Θήρωνα
458 3563 510 3626 τὸν
533 3562 775 3646 Ἀκραγαντίνων
797 3563 951 3647 τύραννον,
975 3565 1225 3642 καταπολεμῆσαι
1254 3566 1360 3626 τοῦτον

207 3666 457 3749 παρεσκευάζετο.

250 3767 346 3835 Pind.
363 3768 412 3834 Ol.
429 3768 464 3833 ii.
483 3788 523 3854 29
541 3769 649 3836 Schol.
695 3768 757 3836 See
772 3768 878 3836 below
893 3777 995 3835 VIII.
1011 3780 1067 3835 ³8.

379 3953 601 4021 θὀιιοιθαίίαιι
624 3956 698 4022 συθ
719 3955 862 4044 Ηίοίοιγ
883 3957 923 4044 os
939 3955 1021 4022 Now
1042 3954 1190 4042 βηδατίς.

249 4084 358 4150 Strab.
375 4085 418 4148 vi.
439 4104 466 4147 1.
485 4104 524 4169 13
541 4080 642 4173 (263).
689 4085 751 4152 See
766 4097 844 4152 340.

250 4199 325 4253 842.
349 4187 447 4253 Diod.
470 4188 515 4253 xi.
539 4208 591 4269 90.
615 4209 634 4275 3
658 4187 835 4276 (Ἀρχουτος
862 4187 1098 4278 Λυσικράτους);
1131 4193 1216 4254 Κατδ
1242 4192 1274 4254 δὲ
1304 4192 1358 4272 τὴν

204 4291 340 4356 Ἰταλίαν
354 4291 430 4370 μετὰ
447 4293 502 4371 τὴν
518 4295 720 4374 κατασκαφὴν
739 4298 791 4373 τῆς
807 4293 968 4376 Συβάρεως
989 4297 1047 4360 ύπδ
1068 4302 1128 4359 τῶν
1144 4298 1359 4376 Κροτωνιατῶν

203 4397 331 4476 ὕστερον
346 4396 448 4462 ἔτεσιν
463 4396 541 4459 όκτὼ
556 4404 630 4478 πρδς
645 4403 708 4464 τοῖς
724 4396 909 4477 πεντήκοντα
921 4402 1078 4464 Θετταλδς
1094 4398 1274 4481 συναγαγὼν
1289 4398 1358 4467 τοὺς

202 4500 387 4567 ὑπολοίπους
408 4508 469 4566 τῶν
490 4504 668 4584 Συβαριτῶν
690 4499 726 4582 ἐξ
745 4501 842 4584 ἀρχῆς
863 4499 954 4587 ᾤκισε
976 4502 1031 4582 τήν
1054 4503 1198 4584 Σύβαριν,
1221 4502 1359 4583 κειμένην
