3000 5046
215 382 275 446 132
425 366 658 426 EXTERNAI.
683 366 881 425 HISTORY
904 366 961 425 OF
982 364 1167 436 ATHENS,
1230 373 1293 440 [oh
1304 376 1368 426 111.

213 568 274 629 τῶν
295 560 465 643 Ἀθηναίων
488 566 639 644 συνεῖχεν,
654 561 860 644 ἐμαρτύρησεν
881 562 959 646 αύτῆ
984 564 1022 624 τδ
1045 561 1202 642 γενόμενα.
1247 567 1367 642 πρῶτον

212 668 269 746 μέν
290 664 349 750 γάρ
371 666 502 748 Εὗβοεῖς
525 665 713 744 ἀπέστησαν,
737 665 787 746 ἐφ’
812 664 864 732 ούς
890 665 978 744 διέβη
1003 667 1080 746 μετὰ
1106 662 1266 744 δυνάμεως.
1312 661 1366 728 εἴτ’

214 769 299 836 εύθῖις
311 769 543 852 ἀπηγγέλλοντο
557 773 709 852 Μεγαρεῖς
721 768 1003 850 ἐκπεπολεμωμένοι
1015 770 1064 833 καί
1076 767 1203 850 στρατιὰ
1212 767 1367 847 πολεμίων

213 871 265 938 ἐπί
275 878 339 942 τοῖς
349 874 430 955 ὅροις
442 876 496 952 τῆς
506 872 646 951 Ἀττικῆς
662 871 747 949 οὖσα,
758 873 1011 939 Πλειστώνακτος
1021 871 1197 954 ἡγουμένου,
1209 869 1368 950 βασιλέως

214 977 466 1058 Λακεδαιμονίων.
511 975 606 1041 πάλιν
630 975 683 1039 οῖιν
703 978 720 1039 6
742 977 893 1057 Περικλῆς
909 977 984 1039 κατά
997 975 1090 1057 τάχος
1106 976 1137 1039 έκ
1159 977 1212 1053 τῆς
1232 976 1368 1057 Εὖβοίας

214 1081 405 1161 ἀνεκομίζετο
420 1080 495 1162 πρὸς
515 1080 569 1144 τὸν
588 1079 622 1143 ἐν
642 1077 679 1167 τῆ
701 1078 823 1166 Ἀττικῇ
844 1081 987 1160 πόλεμον·
1013 1080 1061 1143 καὶ
1086 1077 1223 1160 συνάψαι
1246 1081 1302 1158 μέν
1323 1080 1367 1145 είς

214 1191 319 1269 χεῖρας
342 1185 393 1249 ούκ
417 1185 569 1265 ἐθάρσησε
592 1189 721 1250 πολλοῖς
743 1184 791 1248 καὶ
812 1184 936 1266 ἀγαθοῖς
951 1184 1090 1250 ὁπλίταις
1103 1179 1367 1263 προκαλουμένοις,

216 1290 294 1370 όρῶν
313 1290 345 1353 δὲ
367 1294 419 1352 τὸν
443 1288 681 1353 Πλειστώνακτα
703 1289 772 1353 νέον
794 1290 866 1353 όντο
883 1289 997 1373 κομιδῆ,
1012 1287 1168 1371 χρώμενον
1184 1288 1216 1350 δέ
1231 1285 1368 1365 μάλιστα

216 1393 403 1480 Κλεανδρίδῃ
418 1400 478 1457 τῶν
494 1392 688 1472 συμβούλων,
703 1390 738 1458 ὃν
754 1393 783 1455 οί
800 1392 907 1474 ἔφοροι
924 1392 1046 1473 φύλακα
1061 1388 1110 1455 καὶ
1126 1389 1274 1472 πάρεδρον
1289 1389 1366 1474 ωῖτῷ

216 1497 266 1560 διά
291 1495 346 1576 τῆν
373 1495 495 1575 ήλικίαν
525 1494 737 1578 συνέπεμψαν,
767 1497 906 1575 ἐπειρᾶτο
936 1493 1040 1559 τούτου
1066 1495 1174 1575 κρύφα·
1213 1491 1262 1557 καί
1290 1492 1368 1577 ταχὺ

216 1599 391 1683 διαφθείρας
406 1597 559 1683 χρήμασιν
574 1598 664 1664 αὐτὸν
679 1600 803 1664 ἔπεισεν
818 1600 851 1662 έκ
873 1601 925 1678 τῆς
947 1596 1084 1674 Ἀττικῆς
1108 1598 1278 1680 ἀπαγαγεῖν
1299 1597 1367 1662 τοὺς

217 1702 493 1779 Πελοποννησίους.
539 1701 578 1768 ὥς
605 1702 630 1768 δ’
659 1704 858 1784 ἀπεχώρησεν
880 1701 899 1781 ῆ
926 1704 1053 1780 στρατιά
1076 1702 1125 1765 καὶ
1147 1701 1269 1778 διελύθη
1293 1700 1368 1763 κατὰ

217 1807 333 1884 πόλεις,
348 1806 467 1888 βαρέως
486 1806 630 1889 φέροντες
646 1808 675 1871 οί
690 1807 922 1885 Λακεδαιμόνιοι
937 1804 1056 1885 τὸνμὲν
1067 1802 1205 1883 βασιλέα
1216 1801 1369 1886 χρήμασιν

217 1910 398 1988 ἐζημίωσαν,
415 1911 456 1974 ὧν
479 1909 514 1974 τὸ
536 1914 652 1989 πλῆθος
675 1911 727 1975 ούκ
749 1912 831 1993 έχων
853 1911 971 1973 ἐκτῖσαι
995 1909 1184 1990 μετέστησεν
1207 1911 1313 1972 ἐαυτὸν
1335 1907 1368 1970 ἐκ

216 2015 447 2093 Λακεδαίμονος,
465 2016 517 2076 τοῦ
538 2013 572 2076 δέ
595 2015 800 2095 Κλεανδρίδου
823 2014 989 2095 φεύγοντος
1012 2010 1142 2075 θάνατον
1164 2010 1368 2092 κατέγνωσαν.

218 2114 303 2182 οὗτος
320 2116 346 2181 δ’
364 2115 401 2196 ήν
417 2116 513 2202 πατὴρ
531 2118 688 2181 Γυλίππου
703 2123 756 2181 τοῦ
770 2116 839 2200 περὶ
854 2118 997 2182 Σικελίαν
1007 2113 1184 2195 Ἀθηναίους
1200 2122 1369 2178 καταπολε-

216 2217 380 2300 μήσαντος.
425 2219 506 2285 έοικε
530 2219 555 2284 δ’
575 2221 679 2301 ώσπερ
700 2220 880 2304 συγγενικὸν
894 2220 972 2305 αὐτῷ
984 2221 1236 2301 προστρίψασθαι
1251 2219 1371 2298 νόσημα

218 2323 274 2403 τῆν
290 2323 490 2405 φιλαργυρίαν
505 2322 523 2402 ῆ
539 2324 640 2405 φύσις,
655 2321 707 2406 ὑφ’
721 2324 757 2404 ῆς
774 2324 822 2389 καῖ
836 2324 924 2390 αὐτὸς
936 2326 1070 2407 αίσχριῖς
1086 2320 1136 2387 ἐπὶ
1152 2326 1255 2387 καλοῖς
1271 2321 1370 2405 ἔργοις

219 2426 312 2491 άλοὺς
328 2423 457 2504 ἐξέπεσε
475 2429 528 2503 τῆς
549 2427 698 2509 Σπάρτης.
743 2433 836 2492 ταῦτα
850 2431 904 2510 μέν
919 2427 972 2492 οὖν
987 2428 1020 2492 ἐν
1034 2430 1097 2491 τοῖς
1111 2423 1181 2505 περὶ
1195 2425 1372 2505 Λυσάνδρου

219 2530 440 2610 δεδηλώκαμεν.

262 2675 329 2730 211.
352 2664 440 2731 Plut.
461 2665 538 2732 Per.
559 2685 618 2752 23:
645 2672 709 2732 Τοῦ
735 2671 768 2734 δὲ
791 2667 974 2751 Περικλέους
997 2669 1030 2732 ἐν
1051 2665 1093 2752 τῷ
1113 2670 1166 2745 τῆς
1189 2664 1371 2748 στρατηγίας

220 2770 422 2856 ἀπολογισμῷ
442 2770 512 2835 δέκα
532 2770 690 2836 ταλάντων
710 2773 856 2853 ἀνάλωμα
874 2772 1049 2856 γράψαντος
1065 2769 1265 2850 ἀνηλωμένων
1280 2771 1322 2835 είς
1338 2768 1373 2832 τὸ

220 2871 295 2953 δέον,
311 2875 328 2937 6
344 2876 438 2953 δῆμος
454 2873 619 2954 ἀπεδέξατο
634 2877 674 2955 μῆ
690 2875 988 2959 πολυπραγμονήσας
1002 2872 1072 2956 μηδ’
1088 2872 1213 2956 ἐλέγξας
1229 2879 1263 2936 τδ
1279 2874 1372 2952 ἀπόρ-

218 3004 319 3060 ρητον.
360 2980 434 3044 ένιοι
452 2976 479 3043 δ’
496 2978 701 3062 ίστορήκασιν,
716 2983 759 3045 ὧν
778 2983 846 3044 έστι
867 2983 916 3046 καὶ
932 2983 1133 3061 Θεόφραστος
1151 2980 1168 3042 ό
1186 2980 1374 3061 φιλόσοφος,

221 3084 267 3146 ὅτι
284 3083 349 3146 καθ’
362 3082 492 3148 ἕκαστον
507 3085 642 3149 ένιαυτδν
657 3086 701 3151 είς
716 3085 771 3164 τῆν
781 3085 923 3165 Σπάρτην
934 3086 1044 3167 ἐφοίτα
1058 3077 1130 3148 δέκα
1145 3082 1277 3146 τάλαντα
1293 3084 1374 3164 παρὰ

220 3191 273 3250 τοῦ
292 3186 488 3269 Περικλέους,
502 3189 549 3254 οῖς
567 3187 636 3255 τοὺς
653 3190 686 3253 ἐν
703 3190 785 3255 τέλει
807 3189 922 3256 πάντας
945 3188 1116 3269 θεραπεύων
1138 3191 1300 3272 παρῃτεῖτο
1321 3191 1375 3250 τὸν

220 3290 366 3370 πόλεμον,
390 3290 423 3355 οὐ
446 3290 501 3370 τῆν
524 3291 645 3373 εἰρήνην
670 3292 845 3371 ὠνούμενος,
867 3292 950 3357 ἀλλὰ
970 3293 1023 3356 τὸν
1041 3290 1162 3375 χρόνον,
1178 3293 1211 3355 ἐν
1232 3287 1255 3377 ᾧ
1278 3316 1374 3372 παρα-

221 3392 444 3471 σκευασάμενος
459 3394 524 3458 καθ’
541 3394 675 3480 ῆσυχίαυ
690 3397 801 3476 ἐμελλε
823 3395 1012 3477 πολεμήσειν
1031 3395 1168 3475 βέλτιον.
1212 3394 1297 3459 εύθὺς
1323 3392 1375 3459 οὖν

221 3492 271 3559 ἐπὶ
288 3495 357 3563 τοὺς
373 3497 552 3577 ἀφεστῶτας
574 3502 760 3582 τραπόμενος
781 3499 829 3566 καὶ
849 3500 959 3581 διαβὰς
979 3501 1023 3566 είς
1039 3499 1175 3580 Εὔβοιαν
1189 3495 1376 3575 πεντήκοντα

221 3600 311 3663 ναυσί
335 3596 384 3665 καὶ
404 3604 666 3686 πεντακισχιλίοις
687 3605 827 3671 ὁπλίταις
848 3603 1075 3686 κατεστρέψατο
1095 3600 1148 3667 τάς
1164 3602 1280 3667 πόλεις.
1325 3598 1375 3667 καί

221 3704 396 3768 Χαλκιδέων
417 3706 566 3784 μὲντοὺς
595 3708 767 3787 ἱπποβότας
794 3706 976 3789 λεγομένους
998 3704 1119 3790 πλούτῳ
1143 3702 1192 3769 καὶ
1214 3702 1287 3792 δόξῃ
1309 3710 1375 3769 δια-

222 3806 370 3886 φέροντας
386 3805 546 3886 ἐξέβαλεν,
564 3810 732 3877 Ἑστιαιεῖς
754 3813 788 3875 δέ
810 3810 925 3877 πάντας
946 3807 1123 3888 ἀναστήσας
1145 3810 1178 3871 έκ
1200 3810 1254 3885 τῆς
1275 3808 1376 3892 χώρας

221 3908 396 3989 Ἀθηναίους
422 3911 579 3998 κατῴκισε,
603 3915 708 3995 μόνοις
734 3917 851 3983 τούτοις
875 3913 1084 3999 ἀπαραιτήτως
1109 3913 1299 3997 χρησάμενος
1329 3915 1376 3978 ὅτι

222 4018 295 4077 ναῦν
309 4012 451 4096 Ἀττικῆν
466 4017 660 4100 αἰχμάλωτον
674 4021 824 4099 λαβόντες
840 4021 1019 4086 ἀπέκτειναν
1034 4019 1102 4086 τοὺς
1116 4017 1233 4098 ἀνδρας.

268 4160 342 4213 212.
364 4151 422 4214 Ar.
438 4150 529 4218 Ναδ.
546 4154 630 4237 859:

288 4258 561 4322 ΣΤΡΕΨΙΑΔΗΣ.
581 4258 706 4341 Ὥσπερ
730 4262 898 4341 Περικλέης
928 4262 971 4328 είς
995 4264 1031 4323 τὸ
1057 4256 1129 4323 δέου
1152 4257 1307 4322 ἀπώλεσα.

267 4400 337 4454 213.
361 4388 472 4457 Schol.
487 4392 535 4458 ad
550 4392 627 4458 loa:
659 4391 833 4484 ψΠερικλῆς
850 4400 978 4460 πολλῶν
998 4397 1094 4459 ὄντων
1113 4391 1276 4477 χρημάτων
1291 4391 1326 4454 ἐν
1340 4415 1376 4476 τῃ

103 4515 107 4522 ’
223 4495 396 4576 ἀκροπόλει,
412 4500 455 4564 είς
470 4496 522 4563 τὸν
538 4501 675 4581 πόλεμον
689 4500 727 4564 τὰ
747 4504 881 4565 πλεῖστα
901 4499 1053 4564 ἀνάλωσε.
1098 4497 1179 4579 φασὶ
1201 4498 1235 4560 δέ
1257 4495 1305 4559 ὅτι
1328 4495 1378 4558 καὶ
