<?xml version="1.0" encoding="UTF-8"?>
<!DOCTYPE html PUBLIC "-//W3C//DTD XHTML 1.0 Transitional//EN"
    "http://www.w3.org/TR/xhtml1/DTD/xhtml1-transitional.dtd">
<html xmlns="http://www.w3.org/1999/xhtml" xml:lang="en" lang="en">
 <head>
  <title>
</title>
<meta http-equiv="Content-Type" content="text/html;charset=utf-8" />
  <meta name='ocr-system' content='tesseract 3.04.00' />
  <meta name='ocr-capabilities' content='ocr_page ocr_carea ocr_par ocr_line ocrx_word'/>
</head>
<body>
  <div class='ocr_page' id='page_1' title='image "./sourcesforgreek00hillgoog/sourcesforgreek00hillgoog_0356.png"; bbox 0 0 3000 5046; ppageno 0'>
   <div class='ocr_carea' id='block_1_1' title="bbox 125 335 1277 466">
    <p class='ocr_par' dir='ltr' id='par_1_1' title="bbox 125 335 1277 466">
     <span class='ocr_line' id='line_1_1' title="bbox 125 335 1277 466; baseline 0.008 -28"><span class='ocrx_word' id='word_1_1' title='bbox 125 390 268 455; x_wconf 66' lang='grc' dir='ltr'>ιιοιιιη</span> <span class='ocrx_word' id='word_1_2' title='bbox 437 382 524 442; x_wconf 86' lang='lat' dir='ltr'>THE</span> <span class='ocrx_word' id='word_1_3' title='bbox 551 383 763 443; x_wconf 81' lang='lat' dir='ltr'><em>WESYERN</em></span> <span class='ocrx_word' id='word_1_4' title='bbox 787 385 964 445; x_wconf 83' lang='lat' dir='ltr'><em>GREEKS.</em></span> <span class='ocrx_word' id='word_1_5' title='bbox 1094 335 1098 343; x_wconf 25' lang='grc' dir='ltr'>ι</span> <span class='ocrx_word' id='word_1_6' title='bbox 1215 403 1277 466; x_wconf 80' lang='lat'>339</span> 
     </span>
    </p>
   </div>
   <div class='ocr_carea' id='block_1_2' title="bbox 124 578 1277 1290">
    <p class='ocr_par' dir='ltr' id='par_1_2' title="bbox 124 578 1277 1290">
     <span class='ocr_line' id='line_1_2' title="bbox 125 578 1275 671; baseline 0.009 -30"><span class='ocrx_word' id='word_1_7' title='bbox 125 580 235 657; x_wconf 84' lang='grc' dir='ltr'>λαβάιν</span> <span class='ocrx_word' id='word_1_8' title='bbox 256 580 311 659; x_wconf 82' lang='grc' dir='ltr'>τήν</span> <span class='ocrx_word' id='word_1_9' title='bbox 333 579 431 663; x_wconf 76' lang='grc' dir='ltr'>ἀρχὴν</span> <span class='ocrx_word' id='word_1_10' title='bbox 447 578 671 661; x_wconf 86' lang='grc' dir='ltr'>Θρασύβουλος</span> <span class='ocrx_word' id='word_1_11' title='bbox 686 580 703 642; x_wconf 87' lang='grc' dir='ltr'>ὀ</span> <span class='ocrx_word' id='word_1_12' title='bbox 719 579 854 662; x_wconf 82' lang='grc' dir='ltr'>ἀδελφὸς</span> <span class='ocrx_word' id='word_1_13' title='bbox 874 583 1048 665; x_wconf 75' lang='grc' dir='ltr'>ὑπερέβαλε</span> <span class='ocrx_word' id='word_1_14' title='bbox 1067 585 1103 669; x_wconf 78' lang='grc' dir='ltr'>τῇ</span> <span class='ocrx_word' id='word_1_15' title='bbox 1119 586 1207 671; x_wconf 74' lang='grc' dir='ltr'>κακία</span> <span class='ocrx_word' id='word_1_16' title='bbox 1221 585 1275 652; x_wconf 86' lang='grc' dir='ltr'>τὸν</span> 
     </span>
     <span class='ocr_line' id='line_1_3' title="bbox 125 682 1276 768; baseline 0.003 -20"><span class='ocrx_word' id='word_1_17' title='bbox 125 683 184 764; x_wconf 87' lang='grc' dir='ltr'>πρὸ</span> <span class='ocrx_word' id='word_1_18' title='bbox 199 685 289 747; x_wconf 83' lang='grc' dir='ltr'>αὑτοῦ</span> <span class='ocrx_word' id='word_1_19' title='bbox 308 683 548 764; x_wconf 90' lang='grc' dir='ltr'>βασιλεύσαντα.</span> <span class='ocrx_word' id='word_1_20' title='bbox 592 685 694 762; x_wconf 87' lang='grc' dir='ltr'>βίαιος</span> <span class='ocrx_word' id='word_1_21' title='bbox 713 682 771 764; x_wconf 80' lang='grc' dir='ltr'>γὰρ</span> <span class='ocrx_word' id='word_1_22' title='bbox 791 682 833 747; x_wconf 83' lang='grc' dir='ltr'>ῶν</span> <span class='ocrx_word' id='word_1_23' title='bbox 856 685 905 748; x_wconf 83' lang='grc' dir='ltr'>καὶ</span> <span class='ocrx_word' id='word_1_24' title='bbox 923 692 1047 766; x_wconf 84' lang='grc' dir='ltr'>φονικὸς</span> <span class='ocrx_word' id='word_1_25' title='bbox 1068 687 1202 756; x_wconf 84' lang='grc' dir='ltr'>πολλοὺς</span> <span class='ocrx_word' id='word_1_26' title='bbox 1220 692 1276 768; x_wconf 73' lang='grc' dir='ltr'>μὲν</span> 
     </span>
     <span class='ocr_line' id='line_1_4' title="bbox 126 786 1277 876; baseline 0.009 -27"><span class='ocrx_word' id='word_1_27' title='bbox 126 793 185 852; x_wconf 92' lang='grc' dir='ltr'>τῶν</span> <span class='ocrx_word' id='word_1_28' title='bbox 199 794 333 851; x_wconf 90' lang='grc' dir='ltr'>πολιτῶν</span> <span class='ocrx_word' id='word_1_29' title='bbox 348 786 450 876; x_wconf 80' lang='grc' dir='ltr'>ἀνῄρει</span> <span class='ocrx_word' id='word_1_30' title='bbox 465 789 546 868; x_wconf 76' lang='grc' dir='ltr'>παρὰ</span> <span class='ocrx_word' id='word_1_31' title='bbox 566 789 601 850; x_wconf 81' lang='grc' dir='ltr'>τὸ</span> <span class='ocrx_word' id='word_1_32' title='bbox 622 788 746 862; x_wconf 90' lang='grc' dir='ltr'>δίκαιον,</span> <span class='ocrx_word' id='word_1_33' title='bbox 762 787 813 853; x_wconf 88' lang='grc' dir='ltr'>οὑκ</span> <span class='ocrx_word' id='word_1_34' title='bbox 835 788 955 868; x_wconf 79' lang='grc' dir='ltr'>ὀλίγους</span> <span class='ocrx_word' id='word_1_35' title='bbox 976 792 1008 853; x_wconf 79' lang='grc' dir='ltr'>δέ</span> <span class='ocrx_word' id='word_1_36' title='bbox 1026 795 1205 873; x_wconf 79' lang='grc' dir='ltr'>φυγαδεύων</span> <span class='ocrx_word' id='word_1_37' title='bbox 1225 796 1277 859; x_wconf 86' lang='grc' dir='ltr'>ἐπὶ</span> 
     </span>
     <span class='ocr_line' id='line_1_5' title="bbox 124 891 1275 974; baseline 0.004 -18"><span class='ocrx_word' id='word_1_38' title='bbox 124 892 254 973; x_wconf 79' lang='grc' dir='ltr'>ψευδέσι</span> <span class='ocrx_word' id='word_1_39' title='bbox 270 898 427 971; x_wconf 78' lang='grc' dir='ltr'>διαβολαῖς</span> <span class='ocrx_word' id='word_1_40' title='bbox 442 892 495 959; x_wconf 87' lang='grc' dir='ltr'>τὰς</span> <span class='ocrx_word' id='word_1_41' title='bbox 510 891 613 958; x_wconf 89' lang='grc' dir='ltr'>ούσίας</span> <span class='ocrx_word' id='word_1_42' title='bbox 629 893 671 959; x_wconf 84' lang='grc' dir='ltr'>είς</span> <span class='ocrx_word' id='word_1_43' title='bbox 685 899 721 956; x_wconf 91' lang='grc' dir='ltr'>τδ</span> <span class='ocrx_word' id='word_1_44' title='bbox 735 892 902 972; x_wconf 81' lang='grc' dir='ltr'>βασιλικὸν</span> <span class='ocrx_word' id='word_1_45' title='bbox 916 892 1119 974; x_wconf 88' lang='grc' dir='ltr'>ἀνελάμβανε·</span> <span class='ocrx_word' id='word_1_46' title='bbox 1144 899 1275 962; x_wconf 84' lang='grc' dir='ltr'>καθόλου</span> 
     </span>
     <span class='ocr_line' id='line_1_6' title="bbox 125 997 1276 1081; baseline 0.009 -23"><span class='ocrx_word' id='word_1_47' title='bbox 125 998 158 1059; x_wconf 72' lang='grc' dir='ltr'>δὲ</span> <span class='ocrx_word' id='word_1_48' title='bbox 172 1004 271 1076; x_wconf 81' lang='grc' dir='ltr'>μισῶν</span> <span class='ocrx_word' id='word_1_49' title='bbox 292 997 340 1063; x_wconf 84' lang='grc' dir='ltr'>καέ</span> <span class='ocrx_word' id='word_1_50' title='bbox 359 999 541 1079; x_wconf 80' lang='grc' dir='ltr'>μισούμενος</span> <span class='ocrx_word' id='word_1_51' title='bbox 559 1000 618 1062; x_wconf 85' lang='grc' dir='ltr'>ὑπὸ</span> <span class='ocrx_word' id='word_1_52' title='bbox 637 1005 699 1063; x_wconf 89' lang='grc' dir='ltr'>τῶν</span> <span class='ocrx_word' id='word_1_53' title='bbox 719 997 926 1076; x_wconf 70' lang='grc' dir='ltr'>ἀδικουμένων,</span> <span class='ocrx_word' id='word_1_54' title='bbox 940 1001 1138 1081; x_wconf 79' lang='grc' dir='ltr'>μισθοφόρων</span> <span class='ocrx_word' id='word_1_55' title='bbox 1157 1004 1276 1079; x_wconf 89' lang='grc' dir='ltr'>πλῆθος</span> 
     </span>
     <span class='ocr_line' id='line_1_7' title="bbox 125 1099 1275 1185; baseline 0.006 -22"><span class='ocrx_word' id='word_1_56' title='bbox 125 1099 352 1185; x_wconf 82' lang='grc' dir='ltr'>ἐξενολόγησεν,</span> <span class='ocrx_word' id='word_1_57' title='bbox 378 1105 544 1184; x_wconf 77' lang='grc' dir='ltr'>ἀντίταγμα</span> <span class='ocrx_word' id='word_1_58' title='bbox 570 1101 798 1179; x_wconf 85' lang='grc' dir='ltr'>κατασκευάζων</span> <span class='ocrx_word' id='word_1_59' title='bbox 824 1107 889 1168; x_wconf 83' lang='grc' dir='ltr'>ταῖς</span> <span class='ocrx_word' id='word_1_60' title='bbox 910 1108 1080 1168; x_wconf 81' lang='grc' dir='ltr'>πολιτικαῖς</span> <span class='ocrx_word' id='word_1_61' title='bbox 1103 1103 1275 1183; x_wconf 81' lang='grc' dir='ltr'>δυνάμεσιν.</span> 
     </span>
     <span class='ocr_line' id='line_1_8' title="bbox 124 1200 1276 1290; baseline 0.01 -26"><span class='ocrx_word' id='word_1_62' title='bbox 124 1200 172 1290; x_wconf 88' lang='lat'>(6)</span> <span class='ocrx_word' id='word_1_63' title='bbox 203 1205 250 1270; x_wconf 77' lang='grc' dir='ltr'>ἀεὶ</span> <span class='ocrx_word' id='word_1_64' title='bbox 276 1211 309 1272; x_wconf 75' lang='grc' dir='ltr'>δὲ</span> <span class='ocrx_word' id='word_1_65' title='bbox 337 1212 458 1288; x_wconf 77' lang='grc' dir='ltr'>μᾶλλον</span> <span class='ocrx_word' id='word_1_66' title='bbox 486 1210 548 1271; x_wconf 83' lang='grc' dir='ltr'>τοῖς</span> <span class='ocrx_word' id='word_1_67' title='bbox 577 1206 715 1271; x_wconf 85' lang='grc' dir='ltr'>πολίταις</span> <span class='ocrx_word' id='word_1_68' title='bbox 744 1205 959 1287; x_wconf 81' lang='grc' dir='ltr'>ἀπεχθόμενος,</span> <span class='ocrx_word' id='word_1_69' title='bbox 988 1206 1036 1270; x_wconf 84' lang='grc' dir='ltr'>καὶ</span> <span class='ocrx_word' id='word_1_70' title='bbox 1062 1207 1196 1276; x_wconf 85' lang='grc' dir='ltr'>πολλοὺς</span> <span class='ocrx_word' id='word_1_71' title='bbox 1220 1211 1276 1288; x_wconf 82' lang='grc' dir='ltr'>μέν</span> 
     </span>
    </p>
   </div>
   <div class='ocr_carea' id='block_1_3' title="bbox 16 1306 1371 1501">
    <p class='ocr_par' dir='ltr' id='par_1_3' title="bbox 16 1306 1371 1501">
     <span class='ocr_line' id='line_1_9' title="bbox 16 1306 1275 1394; baseline 0.002 -20"><span class='ocrx_word' id='word_1_72' title='bbox 16 1309 18 1312; x_wconf 46' lang='grc'>’</span> <span class='ocrx_word' id='word_1_73' title='bbox 124 1312 264 1391; x_wconf 77' lang='grc' dir='ltr'>ὑβρίζων,</span> <span class='ocrx_word' id='word_1_74' title='bbox 286 1311 355 1379; x_wconf 87' lang='grc' dir='ltr'>τοὺς</span> <span class='ocrx_word' id='word_1_75' title='bbox 378 1313 411 1377; x_wconf 77' lang='grc' dir='ltr'>δέ</span> <span class='ocrx_word' id='word_1_76' title='bbox 433 1313 572 1394; x_wconf 84' lang='grc' dir='ltr'>ἀναιρῶν,</span> <span class='ocrx_word' id='word_1_77' title='bbox 594 1309 749 1392; x_wconf 91' lang='grc' dir='ltr'>ήνάγκασε</span> <span class='ocrx_word' id='word_1_78' title='bbox 770 1306 839 1375; x_wconf 87' lang='grc' dir='ltr'>τοὺς</span> <span class='ocrx_word' id='word_1_79' title='bbox 866 1309 1074 1390; x_wconf 80' lang='grc' dir='ltr'>ἀδικουμένους</span> <span class='ocrx_word' id='word_1_80' title='bbox 1097 1312 1275 1391; x_wconf 84' lang='grc' dir='ltr'>ἀποστῆναι.</span> 
     </span>
     <span class='ocr_line' id='line_1_10' title="bbox 126 1411 1371 1501; baseline 0.006 -24"><span class='ocrx_word' id='word_1_81' title='bbox 126 1415 231 1496; x_wconf 83' lang='grc' dir='ltr'>διόπερ</span> <span class='ocrx_word' id='word_1_82' title='bbox 246 1419 275 1480; x_wconf 79' lang='grc' dir='ltr'>οἱ</span> <span class='ocrx_word' id='word_1_83' title='bbox 291 1418 472 1498; x_wconf 88' lang='grc' dir='ltr'>Συρακόσιοι</span> <span class='ocrx_word' id='word_1_84' title='bbox 487 1412 732 1495; x_wconf 81' lang='grc' dir='ltr'>προστησάμενοι</span> <span class='ocrx_word' id='word_1_85' title='bbox 752 1412 820 1478; x_wconf 88' lang='grc' dir='ltr'>τοὺς</span> <span class='ocrx_word' id='word_1_86' title='bbox 839 1411 1045 1494; x_wconf 82' lang='grc' dir='ltr'>ἡγησομένους</span> <span class='ocrx_word' id='word_1_87' title='bbox 1064 1415 1208 1497; x_wconf 78' lang='grc' dir='ltr'>ὥρμησαν</span> <span class='ocrx_word' id='word_1_88' title='bbox 1225 1418 1276 1485; x_wconf 81' lang='grc' dir='ltr'>ἐπὶ</span> <span class='ocrx_word' id='word_1_89' title='bbox 1369 1496 1371 1501; x_wconf 28' lang='grc' dir='ltr'>Ι</span> 
     </span>
    </p>
   </div>
   <div class='ocr_carea' id='block_1_4' title="bbox 124 1515 1277 4693">
    <p class='ocr_par' dir='ltr' id='par_1_4' title="bbox 124 1515 1277 4693">
     <span class='ocr_line' id='line_1_11' title="bbox 124 1515 1276 1600; baseline 0.002 -16"><span class='ocrx_word' id='word_1_90' title='bbox 124 1519 180 1598; x_wconf 81' lang='grc' dir='ltr'>τήν</span> <span class='ocrx_word' id='word_1_91' title='bbox 203 1519 369 1585; x_wconf 90' lang='grc' dir='ltr'>κατάλυσιν</span> <span class='ocrx_word' id='word_1_92' title='bbox 390 1524 442 1598; x_wconf 91' lang='grc' dir='ltr'>τῆς</span> <span class='ocrx_word' id='word_1_93' title='bbox 463 1518 633 1600; x_wconf 90' lang='grc' dir='ltr'>τυραννίδος</span> <span class='ocrx_word' id='word_1_94' title='bbox 653 1517 809 1596; x_wconf 87' lang='grc' dir='ltr'>πανδημεί,</span> <span class='ocrx_word' id='word_1_95' title='bbox 829 1515 877 1580; x_wconf 84' lang='grc' dir='ltr'>καὶ</span> <span class='ocrx_word' id='word_1_96' title='bbox 898 1518 1116 1600; x_wconf 78' lang='grc' dir='ltr'>συνταχθέντες</span> <span class='ocrx_word' id='word_1_97' title='bbox 1135 1520 1195 1584; x_wconf 84' lang='grc' dir='ltr'>ὑπὸ</span> <span class='ocrx_word' id='word_1_98' title='bbox 1214 1529 1276 1588; x_wconf 88' lang='grc' dir='ltr'>τῶν</span> 
     </span>
     <span class='ocr_line' id='line_1_12' title="bbox 124 1617 1276 1707; baseline 0.004 -21"><span class='ocrx_word' id='word_1_99' title='bbox 124 1622 281 1704; x_wconf 80' lang='grc' dir='ltr'>ἡγεμόνιον</span> <span class='ocrx_word' id='word_1_100' title='bbox 307 1623 481 1706; x_wconf 79' lang='grc' dir='ltr'>ἀντείχοντο</span> <span class='ocrx_word' id='word_1_101' title='bbox 510 1626 562 1702; x_wconf 89' lang='grc' dir='ltr'>τῆς</span> <span class='ocrx_word' id='word_1_102' title='bbox 591 1623 771 1703; x_wconf 87' lang='grc' dir='ltr'>ἐλευθερίας.</span> <span class='ocrx_word' id='word_1_103' title='bbox 817 1617 865 1707; x_wconf 82' lang='grc'>(7)</span> <span class='ocrx_word' id='word_1_104' title='bbox 896 1621 1119 1704; x_wconf 86' lang='grc' dir='ltr'>Θρασύβουλος</span> <span class='ocrx_word' id='word_1_105' title='bbox 1142 1626 1175 1688; x_wconf 74' lang='grc' dir='ltr'>δὲ</span> <span class='ocrx_word' id='word_1_106' title='bbox 1198 1626 1276 1705; x_wconf 86' lang='grc' dir='ltr'>δρῶν</span> 
     </span>
     <span class='ocr_line' id='line_1_13' title="bbox 125 1724 1276 1812; baseline 0.003 -22"><span class='ocrx_word' id='word_1_107' title='bbox 125 1727 181 1806; x_wconf 78' lang='grc' dir='ltr'>τήν</span> <span class='ocrx_word' id='word_1_108' title='bbox 202 1730 292 1792; x_wconf 89' lang='grc' dir='ltr'>πόλιν</span> <span class='ocrx_word' id='word_1_109' title='bbox 312 1729 388 1805; x_wconf 88' lang='grc' dir='ltr'>όλην</span> <span class='ocrx_word' id='word_1_110' title='bbox 408 1725 454 1791; x_wconf 88' lang='grc' dir='ltr'>ἐπ’</span> <span class='ocrx_word' id='word_1_111' title='bbox 474 1728 563 1792; x_wconf 88' lang='grc' dir='ltr'>αὑτὸν</span> <span class='ocrx_word' id='word_1_112' title='bbox 585 1724 830 1806; x_wconf 88' lang='grc' dir='ltr'>στρατευομένην,</span> <span class='ocrx_word' id='word_1_113' title='bbox 850 1725 885 1789; x_wconf 87' lang='grc' dir='ltr'>τὸ</span> <span class='ocrx_word' id='word_1_114' title='bbox 907 1726 963 1806; x_wconf 82' lang='grc' dir='ltr'>μέν</span> <span class='ocrx_word' id='word_1_115' title='bbox 984 1732 1102 1808; x_wconf 87' lang='grc' dir='ltr'>πρῶτον</span> <span class='ocrx_word' id='word_1_116' title='bbox 1125 1730 1276 1812; x_wconf 73' lang='grc' dir='ltr'>ἐπεχείρει</span> 
     </span>
     <span class='ocr_line' id='line_1_14' title="bbox 126 1827 1276 1916; baseline 0.003 -21"><span class='ocrx_word' id='word_1_117' title='bbox 126 1832 208 1916; x_wconf 78' lang='grc' dir='ltr'>λόγῳ</span> <span class='ocrx_word' id='word_1_118' title='bbox 225 1831 406 1896; x_wconf 79' lang='grc' dir='ltr'>καταπαύειν</span> <span class='ocrx_word' id='word_1_119' title='bbox 420 1830 475 1911; x_wconf 76' lang='grc' dir='ltr'>τήν</span> <span class='ocrx_word' id='word_1_120' title='bbox 490 1831 610 1895; x_wconf 88' lang='grc' dir='ltr'>στάσιν·</span> <span class='ocrx_word' id='word_1_121' title='bbox 633 1829 672 1896; x_wconf 86' lang='grc' dir='ltr'>ῶς</span> <span class='ocrx_word' id='word_1_122' title='bbox 688 1827 714 1892; x_wconf 87' lang='grc' dir='ltr'>δ’</span> <span class='ocrx_word' id='word_1_123' title='bbox 731 1829 808 1911; x_wconf 86' lang='grc' dir='ltr'>έιόρα</span> <span class='ocrx_word' id='word_1_124' title='bbox 823 1828 878 1908; x_wconf 78' lang='grc' dir='ltr'>τήν</span> <span class='ocrx_word' id='word_1_125' title='bbox 893 1829 988 1910; x_wconf 77' lang='grc' dir='ltr'>όρμλν</span> <span class='ocrx_word' id='word_1_126' title='bbox 1007 1837 1068 1896; x_wconf 89' lang='grc' dir='ltr'>τῶν</span> <span class='ocrx_word' id='word_1_127' title='bbox 1082 1834 1276 1913; x_wconf 86' lang='grc' dir='ltr'>Συρακοσίων</span> 
     </span>
     <span class='ocr_line' id='line_1_15' title="bbox 126 1931 1275 2015; baseline -0.009 -16"><span class='ocrx_word' id='word_1_128' title='bbox 126 1933 355 1999; x_wconf 76' lang='grc' dir='ltr'>ἀκατάπαυστον</span> <span class='ocrx_word' id='word_1_129' title='bbox 378 1934 482 2007; x_wconf 77' lang='grc' dir='ltr'>οὖσαν,</span> <span class='ocrx_word' id='word_1_130' title='bbox 506 1933 677 2015; x_wconf 80' lang='grc' dir='ltr'>συνήγαγεν</span> <span class='ocrx_word' id='word_1_131' title='bbox 700 1933 733 1995; x_wconf 90' lang='grc' dir='ltr'>ἐκ</span> <span class='ocrx_word' id='word_1_132' title='bbox 759 1956 791 1996; x_wconf 92' lang='grc' dir='ltr'>τε</span> <span class='ocrx_word' id='word_1_133' title='bbox 812 1935 865 2012; x_wconf 90' lang='grc' dir='ltr'>τῆς</span> <span class='ocrx_word' id='word_1_134' title='bbox 888 1931 1026 2011; x_wconf 83' lang='grc' dir='ltr'>Κατάνης</span> <span class='ocrx_word' id='word_1_135' title='bbox 1051 1934 1120 2002; x_wconf 79' lang='grc' dir='ltr'>τοὺς</span> <span class='ocrx_word' id='word_1_136' title='bbox 1147 1962 1275 2001; x_wconf 89' lang='grc' dir='ltr'>κατοικι.</span> 
     </span>
     <span class='ocr_line' id='line_1_16' title="bbox 127 2035 1276 2126; baseline 0.003 -24"><span class='ocrx_word' id='word_1_137' title='bbox 127 2039 254 2106; x_wconf 89' lang='grc' dir='ltr'>σθέντας</span> <span class='ocrx_word' id='word_1_138' title='bbox 269 2039 320 2120; x_wconf 82' lang='grc' dir='ltr'>ὑφ’</span> <span class='ocrx_word' id='word_1_139' title='bbox 335 2037 470 2120; x_wconf 77' lang='grc' dir='ltr'>Ἱέρωνος</span> <span class='ocrx_word' id='word_1_140' title='bbox 486 2035 534 2101; x_wconf 81' lang='grc' dir='ltr'>καὶ</span> <span class='ocrx_word' id='word_1_141' title='bbox 549 2037 618 2104; x_wconf 88' lang='grc' dir='ltr'>τοὺς</span> <span class='ocrx_word' id='word_1_142' title='bbox 634 2037 747 2103; x_wconf 85' lang='grc' dir='ltr'>ἀλλους</span> <span class='ocrx_word' id='word_1_143' title='bbox 762 2035 947 2116; x_wconf 88' lang='grc' dir='ltr'>συμμάχους,</span> <span class='ocrx_word' id='word_1_144' title='bbox 965 2041 1010 2102; x_wconf 87' lang='grc' dir='ltr'>ἐτι</span> <span class='ocrx_word' id='word_1_145' title='bbox 1028 2041 1062 2104; x_wconf 74' lang='grc' dir='ltr'>δὲ</span> <span class='ocrx_word' id='word_1_146' title='bbox 1077 2035 1154 2126; x_wconf 81' lang='grc' dir='ltr'>(καὶ)</span> <span class='ocrx_word' id='word_1_147' title='bbox 1167 2045 1276 2120; x_wconf 88' lang='grc' dir='ltr'>μισθο·</span> 
     </span>
     <span class='ocr_line' id='line_1_17' title="bbox 126 2137 1275 2226; baseline 0.007 -21"><span class='ocrx_word' id='word_1_148' title='bbox 126 2144 229 2225; x_wconf 88' lang='grc' dir='ltr'>φόρων</span> <span class='ocrx_word' id='word_1_149' title='bbox 244 2145 368 2220; x_wconf 87' lang='grc' dir='ltr'>πλῆθος,</span> <span class='ocrx_word' id='word_1_150' title='bbox 381 2143 460 2206; x_wconf 84' lang='grc' dir='ltr'>ὥστε</span> <span class='ocrx_word' id='word_1_151' title='bbox 475 2140 543 2208; x_wconf 85' lang='grc' dir='ltr'>τοὺς</span> <span class='ocrx_word' id='word_1_152' title='bbox 559 2141 691 2207; x_wconf 76' lang='grc' dir='ltr'>ἅπαντας</span> <span class='ocrx_word' id='word_1_153' title='bbox 705 2137 848 2224; x_wconf 84' lang='grc' dir='ltr'>γενέσθαι</span> <span class='ocrx_word' id='word_1_154' title='bbox 864 2145 976 2223; x_wconf 83' lang='grc' dir='ltr'>σχεδὸν</span> <span class='ocrx_word' id='word_1_155' title='bbox 991 2143 1059 2224; x_wconf 83' lang='grc' dir='ltr'>περὶ</span> <span class='ocrx_word' id='word_1_156' title='bbox 1073 2142 1141 2210; x_wconf 87' lang='grc' dir='ltr'>τοὺς</span> <span class='ocrx_word' id='word_1_157' title='bbox 1155 2145 1275 2226; x_wconf 87' lang='grc' dir='ltr'>μυρίους</span> 
     </span>
     <span class='ocr_line' id='line_1_18' title="bbox 125 2242 1276 2332; baseline 0 -21"><span class='ocrx_word' id='word_1_158' title='bbox 125 2249 399 2330; x_wconf 90' lang='grc' dir='ltr'>πεντακισχιλίους.</span> <span class='ocrx_word' id='word_1_159' title='bbox 443 2242 492 2332; x_wconf 88' lang='grc'>(8)</span> <span class='ocrx_word' id='word_1_160' title='bbox 515 2245 600 2311; x_wconf 89' lang='grc' dir='ltr'>οὑτος</span> <span class='ocrx_word' id='word_1_161' title='bbox 627 2246 683 2324; x_wconf 85' lang='grc' dir='ltr'>μέν</span> <span class='ocrx_word' id='word_1_162' title='bbox 704 2243 758 2307; x_wconf 89' lang='grc' dir='ltr'>οὑν</span> <span class='ocrx_word' id='word_1_163' title='bbox 778 2246 832 2322; x_wconf 90' lang='grc' dir='ltr'>τῆς</span> <span class='ocrx_word' id='word_1_164' title='bbox 859 2244 977 2311; x_wconf 93' lang='grc' dir='ltr'>πόλεως</span> <span class='ocrx_word' id='word_1_165' title='bbox 1003 2248 1195 2329; x_wconf 75' lang='grc' dir='ltr'>κατειληφὼς</span> <span class='ocrx_word' id='word_1_166' title='bbox 1220 2249 1276 2327; x_wconf 79' lang='grc' dir='ltr'>τήν</span> 
     </span>
     <span class='ocr_line' id='line_1_19' title="bbox 126 2345 1276 2433; baseline 0.003 -19"><span class='ocrx_word' id='word_1_167' title='bbox 126 2352 347 2431; x_wconf 75' lang='grc' dir='ltr'>ὀνομαζομένην</span> <span class='ocrx_word' id='word_1_168' title='bbox 375 2350 559 2433; x_wconf 81' lang='grc' dir='ltr'>Ἀχραδινήν</span> <span class='ocrx_word' id='word_1_169' title='bbox 589 2345 637 2412; x_wconf 79' lang='grc' dir='ltr'>καί</span> <span class='ocrx_word' id='word_1_170' title='bbox 667 2347 723 2427; x_wconf 77' lang='grc' dir='ltr'>τήν</span> <span class='ocrx_word' id='word_1_171' title='bbox 751 2350 861 2427; x_wconf 88' lang='grc' dir='ltr'>Νῆσον</span> <span class='ocrx_word' id='word_1_172' title='bbox 889 2349 1002 2429; x_wconf 79' lang='grc' dir='ltr'>ὀχυρὰν</span> <span class='ocrx_word' id='word_1_173' title='bbox 1032 2349 1135 2429; x_wconf 88' lang='grc' dir='ltr'>οὑσαν,</span> <span class='ocrx_word' id='word_1_174' title='bbox 1163 2354 1212 2416; x_wconf 89' lang='grc' dir='ltr'>καὶ</span> <span class='ocrx_word' id='word_1_175' title='bbox 1242 2355 1276 2417; x_wconf 87' lang='grc' dir='ltr'>ἐκ</span> 
     </span>
     <span class='ocr_line' id='line_1_20' title="bbox 126 2450 1277 2540; baseline 0.003 -22"><span class='ocrx_word' id='word_1_176' title='bbox 126 2455 238 2519; x_wconf 89' lang='grc' dir='ltr'>τούτων</span> <span class='ocrx_word' id='word_1_177' title='bbox 261 2455 441 2536; x_wconf 86' lang='grc' dir='ltr'>ὑρμόμενος,</span> <span class='ocrx_word' id='word_1_178' title='bbox 465 2452 638 2531; x_wconf 76' lang='grc' dir='ltr'>διεπολέμει</span> <span class='ocrx_word' id='word_1_179' title='bbox 664 2458 738 2534; x_wconf 87' lang='grc' dir='ltr'>πρὸς</span> <span class='ocrx_word' id='word_1_180' title='bbox 763 2450 831 2518; x_wconf 86' lang='grc' dir='ltr'>τοὺς</span> <span class='ocrx_word' id='word_1_181' title='bbox 859 2452 1048 2532; x_wconf 81' lang='grc' dir='ltr'>ἀφεστῶτας.</span> <span class='ocrx_word' id='word_1_182' title='bbox 1093 2451 1163 2540; x_wconf 88' lang='grc'>(68)</span> <span class='ocrx_word' id='word_1_183' title='bbox 1187 2457 1217 2520; x_wconf 80' lang='grc' dir='ltr'>οί</span> <span class='ocrx_word' id='word_1_184' title='bbox 1243 2460 1277 2521; x_wconf 71' lang='grc' dir='ltr'>δὲ</span> 
     </span>
     <span class='ocr_line' id='line_1_21' title="bbox 127 2553 1277 2641; baseline 0.004 -20"><span class='ocrx_word' id='word_1_185' title='bbox 127 2561 306 2639; x_wconf 85' lang='grc' dir='ltr'>Συρακόσιοι</span> <span class='ocrx_word' id='word_1_186' title='bbox 336 2564 370 2623; x_wconf 86' lang='grc' dir='ltr'>τδ</span> <span class='ocrx_word' id='word_1_187' title='bbox 399 2560 455 2634; x_wconf 87' lang='grc' dir='ltr'>μέν</span> <span class='ocrx_word' id='word_1_188' title='bbox 487 2563 605 2639; x_wconf 90' lang='grc' dir='ltr'>πρῶτον</span> <span class='ocrx_word' id='word_1_189' title='bbox 634 2553 723 2638; x_wconf 93' lang='grc' dir='ltr'>μέρος</span> <span class='ocrx_word' id='word_1_190' title='bbox 752 2557 806 2633; x_wconf 90' lang='grc' dir='ltr'>τῆς</span> <span class='ocrx_word' id='word_1_191' title='bbox 835 2556 954 2622; x_wconf 89' lang='grc' dir='ltr'>πόλεως</span> <span class='ocrx_word' id='word_1_192' title='bbox 984 2556 1191 2638; x_wconf 82' lang='grc' dir='ltr'>κατελάβοντο</span> <span class='ocrx_word' id='word_1_193' title='bbox 1220 2561 1277 2641; x_wconf 79' lang='grc' dir='ltr'>τήν</span> 
     </span>
     <span class='ocr_line' id='line_1_22' title="bbox 127 2657 1277 2742; baseline 0.004 -17"><span class='ocrx_word' id='word_1_194' title='bbox 127 2663 348 2742; x_wconf 84' lang='grc' dir='ltr'>ὀνομαζομένην</span> <span class='ocrx_word' id='word_1_195' title='bbox 368 2661 480 2739; x_wconf 89' lang='grc' dir='ltr'>Τύκην,</span> <span class='ocrx_word' id='word_1_196' title='bbox 500 2663 532 2725; x_wconf 90' lang='grc' dir='ltr'>ἐκ</span> <span class='ocrx_word' id='word_1_197' title='bbox 551 2659 657 2739; x_wconf 80' lang='grc' dir='ltr'>ταύτης</span> <span class='ocrx_word' id='word_1_198' title='bbox 680 2660 713 2722; x_wconf 83' lang='grc' dir='ltr'>δέ</span> <span class='ocrx_word' id='word_1_199' title='bbox 735 2657 902 2739; x_wconf 86' lang='grc' dir='ltr'>δρμωμένοι</span> <span class='ocrx_word' id='word_1_200' title='bbox 923 2665 1113 2740; x_wconf 77' lang='grc' dir='ltr'>πρεσβευτὰς</span> <span class='ocrx_word' id='word_1_201' title='bbox 1134 2661 1277 2730; x_wconf 84' lang='grc' dir='ltr'>ἀπέστει-</span> 
     </span>
     <span class='ocr_line' id='line_1_23' title="bbox 126 2758 1276 2846; baseline 0 -18"><span class='ocrx_word' id='word_1_202' title='bbox 126 2774 184 2831; x_wconf 92' lang='grc' dir='ltr'>λαν</span> <span class='ocrx_word' id='word_1_203' title='bbox 205 2769 247 2833; x_wconf 84' lang='grc' dir='ltr'>είς</span> <span class='ocrx_word' id='word_1_204' title='bbox 269 2768 368 2830; x_wconf 91' lang='grc' dir='ltr'>Γέλαν</span> <span class='ocrx_word' id='word_1_205' title='bbox 391 2765 438 2828; x_wconf 77' lang='grc' dir='ltr'>καὶ</span> <span class='ocrx_word' id='word_1_206' title='bbox 457 2761 648 2846; x_wconf 86' lang='grc' dir='ltr'>Ἀκράγαντα</span> <span class='ocrx_word' id='word_1_207' title='bbox 669 2758 717 2827; x_wconf 78' lang='grc' dir='ltr'>καὶ</span> <span class='ocrx_word' id='word_1_208' title='bbox 738 2766 929 2838; x_wconf 80' lang='grc' dir='ltr'>Σελινοῦντα,</span> <span class='ocrx_word' id='word_1_209' title='bbox 950 2770 1025 2844; x_wconf 83' lang='grc' dir='ltr'>πρὸς</span> <span class='ocrx_word' id='word_1_210' title='bbox 1045 2766 1078 2829; x_wconf 72' lang='grc' dir='ltr'>δέ</span> <span class='ocrx_word' id='word_1_211' title='bbox 1095 2767 1213 2835; x_wconf 80' lang='grc' dir='ltr'>τούτοις</span> <span class='ocrx_word' id='word_1_212' title='bbox 1231 2772 1276 2837; x_wconf 71' lang='grc' dir='ltr'>εἰς</span> 
     </span>
     <span class='ocr_line' id='line_1_24' title="bbox 124 2866 1275 2957; baseline 0.005 -26"><span class='ocrx_word' id='word_1_213' title='bbox 124 2869 245 2952; x_wconf 87' lang='grc' dir='ltr'>Ἱμέραν</span> <span class='ocrx_word' id='word_1_214' title='bbox 271 2868 319 2934; x_wconf 81' lang='grc' dir='ltr'>καὶ</span> <span class='ocrx_word' id='word_1_215' title='bbox 349 2870 423 2952; x_wconf 84' lang='grc' dir='ltr'>πρὸς</span> <span class='ocrx_word' id='word_1_216' title='bbox 452 2872 505 2935; x_wconf 75' lang='grc' dir='ltr'>τὰς</span> <span class='ocrx_word' id='word_1_217' title='bbox 535 2873 596 2931; x_wconf 90' lang='grc' dir='ltr'>τῶν</span> <span class='ocrx_word' id='word_1_218' title='bbox 625 2871 759 2931; x_wconf 91' lang='grc' dir='ltr'>Σικελῶν</span> <span class='ocrx_word' id='word_1_219' title='bbox 788 2866 892 2931; x_wconf 90' lang='grc' dir='ltr'>πόλεις</span> <span class='ocrx_word' id='word_1_220' title='bbox 923 2867 977 2935; x_wconf 84' lang='grc' dir='ltr'>τὰς</span> <span class='ocrx_word' id='word_1_221' title='bbox 1005 2871 1037 2934; x_wconf 87' lang='grc' dir='ltr'>ἐν</span> <span class='ocrx_word' id='word_1_222' title='bbox 1063 2872 1099 2957; x_wconf 81' lang='grc' dir='ltr'>τῆ</span> <span class='ocrx_word' id='word_1_223' title='bbox 1124 2874 1275 2957; x_wconf 83' lang='grc' dir='ltr'>μεσογείῳ</span> 
     </span>
     <span class='ocr_line' id='line_1_25' title="bbox 126 2967 1274 3055; baseline 0.002 -17"><span class='ocrx_word' id='word_1_224' title='bbox 126 2974 271 3053; x_wconf 83' lang='grc' dir='ltr'>κειμένας,</span> <span class='ocrx_word' id='word_1_225' title='bbox 295 2973 448 3053; x_wconf 85' lang='grc' dir='ltr'>ἀξιοῦντες</span> <span class='ocrx_word' id='word_1_226' title='bbox 470 2975 546 3036; x_wconf 86' lang='grc' dir='ltr'>κατά</span> <span class='ocrx_word' id='word_1_227' title='bbox 568 2970 663 3055; x_wconf 90' lang='grc' dir='ltr'>τάχος</span> <span class='ocrx_word' id='word_1_228' title='bbox 685 2974 845 3036; x_wconf 84' lang='grc' dir='ltr'>συνελθεῖν</span> <span class='ocrx_word' id='word_1_229' title='bbox 867 2967 916 3035; x_wconf 80' lang='grc' dir='ltr'>καὶ</span> <span class='ocrx_word' id='word_1_230' title='bbox 937 2976 1198 3054; x_wconf 80' lang='grc' dir='ltr'>συνελευθερῶσαι</span> <span class='ocrx_word' id='word_1_231' title='bbox 1220 2975 1274 3044; x_wconf 87' lang='grc' dir='ltr'>τάς</span> 
     </span>
     <span class='ocr_line' id='line_1_26' title="bbox 126 3072 1276 3163; baseline 0.003 -23"><span class='ocrx_word' id='word_1_232' title='bbox 126 3079 328 3158; x_wconf 83' lang='grc' dir='ltr'>Συρακούσας.</span> <span class='ocrx_word' id='word_1_233' title='bbox 373 3074 421 3163; x_wconf 82' lang='lat'>(2)</span> <span class='ocrx_word' id='word_1_234' title='bbox 444 3075 564 3141; x_wconf 88' lang='grc' dir='ltr'>πάντων</span> <span class='ocrx_word' id='word_1_235' title='bbox 584 3077 618 3139; x_wconf 81' lang='grc' dir='ltr'>δέ</span> <span class='ocrx_word' id='word_1_236' title='bbox 636 3076 793 3155; x_wconf 89' lang='grc' dir='ltr'>προθύμως</span> <span class='ocrx_word' id='word_1_237' title='bbox 810 3076 1031 3154; x_wconf 87' lang='grc' dir='ltr'>ὑπακουόντων,</span> <span class='ocrx_word' id='word_1_238' title='bbox 1051 3072 1100 3140; x_wconf 78' lang='grc' dir='ltr'>καί</span> <span class='ocrx_word' id='word_1_239' title='bbox 1122 3080 1276 3160; x_wconf 87' lang='grc' dir='ltr'>συντόμως</span> 
     </span>
     <span class='ocr_line' id='line_1_27' title="bbox 125 3174 1276 3261; baseline 0.001 -15"><span class='ocrx_word' id='word_1_240' title='bbox 125 3181 374 3249; x_wconf 88' lang='grc' dir='ltr'>ἀποστειλάντων</span> <span class='ocrx_word' id='word_1_241' title='bbox 393 3186 452 3247; x_wconf 87' lang='grc' dir='ltr'>τῶν</span> <span class='ocrx_word' id='word_1_242' title='bbox 470 3182 525 3259; x_wconf 75' lang='grc' dir='ltr'>μὲν</span> <span class='ocrx_word' id='word_1_243' title='bbox 542 3179 648 3257; x_wconf 86' lang='grc' dir='ltr'>πεζοὺς</span> <span class='ocrx_word' id='word_1_244' title='bbox 666 3174 716 3242; x_wconf 84' lang='grc' dir='ltr'>καὶ</span> <span class='ocrx_word' id='word_1_245' title='bbox 737 3179 838 3246; x_wconf 82' lang='grc' dir='ltr'>ίππεῐς</span> <span class='ocrx_word' id='word_1_246' title='bbox 857 3180 1050 3261; x_wconf 88' lang='grc' dir='ltr'>στρατιότας,</span> <span class='ocrx_word' id='word_1_247' title='bbox 1069 3189 1130 3248; x_wconf 89' lang='grc' dir='ltr'>τῶν</span> <span class='ocrx_word' id='word_1_248' title='bbox 1150 3186 1182 3247; x_wconf 74' lang='grc' dir='ltr'>δὲ</span> <span class='ocrx_word' id='word_1_249' title='bbox 1205 3188 1276 3251; x_wconf 85' lang='grc' dir='ltr'>ναῦς</span> 
     </span>
     <span class='ocr_line' id='line_1_28' title="bbox 125 3280 1277 3371; baseline 0 -21"><span class='ocrx_word' id='word_1_250' title='bbox 125 3289 239 3369; x_wconf 86' lang='grc' dir='ltr'>μακράς</span> <span class='ocrx_word' id='word_1_251' title='bbox 252 3284 476 3363; x_wconf 89' lang='grc' dir='ltr'>κεκοσμημένας</span> <span class='ocrx_word' id='word_1_252' title='bbox 489 3285 531 3348; x_wconf 88' lang='grc' dir='ltr'>είς</span> <span class='ocrx_word' id='word_1_253' title='bbox 546 3283 726 3364; x_wconf 88' lang='grc' dir='ltr'>ναυμαχίαν,</span> <span class='ocrx_word' id='word_1_254' title='bbox 736 3281 813 3365; x_wconf 84' lang='grc' dir='ltr'>ταχὺ</span> <span class='ocrx_word' id='word_1_255' title='bbox 827 3280 963 3366; x_wconf 76' lang='grc' dir='ltr'>συνήχθη</span> <span class='ocrx_word' id='word_1_256' title='bbox 977 3285 1098 3360; x_wconf 86' lang='grc' dir='ltr'>δύναμις</span> <span class='ocrx_word' id='word_1_257' title='bbox 1111 3283 1277 3371; x_wconf 76' lang='grc' dir='ltr'>ἀξιόχρεως</span> 
     </span>
     <span class='ocr_line' id='line_1_29' title="bbox 125 3383 1276 3470; baseline 0 -17"><span class='ocrx_word' id='word_1_258' title='bbox 125 3394 189 3456; x_wconf 84' lang='grc' dir='ltr'>τοῖς</span> <span class='ocrx_word' id='word_1_259' title='bbox 204 3391 409 3469; x_wconf 84' lang='grc' dir='ltr'>Συρακοσίοις.</span> <span class='ocrx_word' id='word_1_260' title='bbox 454 3391 501 3450; x_wconf 91' lang='grc' dir='ltr'>διδ</span> <span class='ocrx_word' id='word_1_261' title='bbox 517 3383 565 3449; x_wconf 80' lang='grc' dir='ltr'>καὶ</span> <span class='ocrx_word' id='word_1_262' title='bbox 580 3388 634 3451; x_wconf 85' lang='grc' dir='ltr'>τάς</span> <span class='ocrx_word' id='word_1_263' title='bbox 649 3389 719 3450; x_wconf 81' lang='grc' dir='ltr'>ναῦς</span> <span class='ocrx_word' id='word_1_264' title='bbox 735 3386 964 3466; x_wconf 88' lang='grc' dir='ltr'>καταρτίσαντες</span> <span class='ocrx_word' id='word_1_265' title='bbox 980 3389 1009 3450; x_wconf 78' lang='grc' dir='ltr'>οἱ</span> <span class='ocrx_word' id='word_1_266' title='bbox 1028 3390 1210 3470; x_wconf 90' lang='grc' dir='ltr'>Συρακόσιοι</span> <span class='ocrx_word' id='word_1_267' title='bbox 1229 3387 1276 3454; x_wconf 81' lang='grc' dir='ltr'>καὶ</span> 
     </span>
     <span class='ocr_line' id='line_1_30' title="bbox 124 3488 1277 3580; baseline 0.001 -23"><span class='ocrx_word' id='word_1_268' title='bbox 124 3495 181 3573; x_wconf 78' lang='grc' dir='ltr'>τήν</span> <span class='ocrx_word' id='word_1_269' title='bbox 195 3493 289 3572; x_wconf 76' lang='grc' dir='ltr'>πεζὴν</span> <span class='ocrx_word' id='word_1_270' title='bbox 310 3494 433 3570; x_wconf 91' lang='grc' dir='ltr'>δύναμιν</span> <span class='ocrx_word' id='word_1_271' title='bbox 453 3488 642 3568; x_wconf 84' lang='grc' dir='ltr'>ἐκτάξαντες,</span> <span class='ocrx_word' id='word_1_272' title='bbox 657 3489 793 3568; x_wconf 80' lang='grc' dir='ltr'>ἑτοίμους</span> <span class='ocrx_word' id='word_1_273' title='bbox 813 3488 933 3555; x_wconf 86' lang='grc' dir='ltr'>έαυτοὺς</span> <span class='ocrx_word' id='word_1_274' title='bbox 949 3489 1110 3570; x_wconf 81' lang='grc' dir='ltr'>ἀπέδειξαν</span> <span class='ocrx_word' id='word_1_275' title='bbox 1131 3490 1180 3557; x_wconf 81' lang='grc' dir='ltr'>καλ</span> <span class='ocrx_word' id='word_1_276' title='bbox 1200 3496 1277 3580; x_wconf 80' lang='grc' dir='ltr'>πεζῇ</span> 
     </span>
     <span class='ocr_line' id='line_1_31' title="bbox 126 3587 1275 3684; baseline -0.001 -22"><span class='ocrx_word' id='word_1_277' title='bbox 126 3599 175 3662; x_wconf 85' lang='grc' dir='ltr'>καὶ</span> <span class='ocrx_word' id='word_1_278' title='bbox 194 3600 267 3661; x_wconf 79' lang='grc' dir='ltr'>κατὰ</span> <span class='ocrx_word' id='word_1_279' title='bbox 288 3595 440 3660; x_wconf 91' lang='grc' dir='ltr'>θάλατταν</span> <span class='ocrx_word' id='word_1_280' title='bbox 458 3587 693 3684; x_wconf 85' lang='grc' dir='ltr'>[βουλομένους]</span> <span class='ocrx_word' id='word_1_281' title='bbox 709 3591 951 3673; x_wconf 89' lang='grc' dir='ltr'>διαγωνίζεσθαι.</span> <span class='ocrx_word' id='word_1_282' title='bbox 996 3591 1045 3680; x_wconf 85' lang='lat'>(3)</span> <span class='ocrx_word' id='word_1_283' title='bbox 1068 3596 1133 3658; x_wconf 82' lang='grc' dir='ltr'>ὑδέ</span> <span class='ocrx_word' id='word_1_284' title='bbox 1151 3598 1275 3676; x_wconf 87' lang='grc' dir='ltr'>Θρασύ·</span> 
     </span>
     <span class='ocr_line' id='line_1_32' title="bbox 124 3694 1275 3783; baseline 0.003 -18"><span class='ocrx_word' id='word_1_285' title='bbox 124 3708 240 3777; x_wconf 86' lang='grc' dir='ltr'>βουλος</span> <span class='ocrx_word' id='word_1_286' title='bbox 266 3698 557 3783; x_wconf 85' lang='grc' dir='ltr'>ἐγκαταλειπόμενος</span> <span class='ocrx_word' id='word_1_287' title='bbox 582 3698 641 3760; x_wconf 85' lang='grc' dir='ltr'>ὑπὸ</span> <span class='ocrx_word' id='word_1_288' title='bbox 666 3702 728 3759; x_wconf 89' lang='grc' dir='ltr'>τῶν</span> <span class='ocrx_word' id='word_1_289' title='bbox 754 3695 921 3777; x_wconf 83' lang='grc' dir='ltr'>συμμάχων</span> <span class='ocrx_word' id='word_1_290' title='bbox 946 3694 994 3761; x_wconf 82' lang='grc' dir='ltr'>καὶ</span> <span class='ocrx_word' id='word_1_291' title='bbox 1016 3697 1070 3764; x_wconf 90' lang='grc' dir='ltr'>τάς</span> <span class='ocrx_word' id='word_1_292' title='bbox 1092 3699 1218 3767; x_wconf 90' lang='grc' dir='ltr'>ἐλπίδας</span> <span class='ocrx_word' id='word_1_293' title='bbox 1240 3705 1275 3768; x_wconf 91' lang='grc' dir='ltr'>ἐν</span> 
     </span>
     <span class='ocr_line' id='line_1_33' title="bbox 124 3797 1275 3889; baseline 0 -23"><span class='ocrx_word' id='word_1_294' title='bbox 124 3804 227 3872; x_wconf 81' lang='grc' dir='ltr'>αὑτοῖς</span> <span class='ocrx_word' id='word_1_295' title='bbox 249 3806 330 3889; x_wconf 77' lang='grc' dir='ltr'>ἔχων</span> <span class='ocrx_word' id='word_1_296' title='bbox 353 3808 416 3869; x_wconf 85' lang='grc' dir='ltr'>τοῖς</span> <span class='ocrx_word' id='word_1_297' title='bbox 438 3802 649 3881; x_wconf 85' lang='grc' dir='ltr'>μισθοφόροις,</span> <span class='ocrx_word' id='word_1_298' title='bbox 670 3801 723 3876; x_wconf 88' lang='grc' dir='ltr'>τῆς</span> <span class='ocrx_word' id='word_1_299' title='bbox 744 3801 801 3879; x_wconf 81' lang='grc' dir='ltr'>μέν</span> <span class='ocrx_word' id='word_1_300' title='bbox 820 3797 998 3881; x_wconf 78' lang='grc' dir='ltr'>Ἀχραδινῆς</span> <span class='ocrx_word' id='word_1_301' title='bbox 1021 3797 1069 3866; x_wconf 80' lang='grc' dir='ltr'>καὶ</span> <span class='ocrx_word' id='word_1_302' title='bbox 1091 3805 1145 3882; x_wconf 82' lang='grc' dir='ltr'>τῆς</span> <span class='ocrx_word' id='word_1_303' title='bbox 1167 3803 1275 3883; x_wconf 89' lang='grc' dir='ltr'>Νήσου</span> 
     </span>
     <span class='ocr_line' id='line_1_34' title="bbox 125 3903 1275 3990; baseline 0.001 -18"><span class='ocrx_word' id='word_1_304' title='bbox 125 3910 224 3990; x_wconf 84' lang='grc' dir='ltr'>κύριος</span> <span class='ocrx_word' id='word_1_305' title='bbox 243 3907 288 3989; x_wconf 82' lang='grc' dir='ltr'>ῆν,</span> <span class='ocrx_word' id='word_1_306' title='bbox 310 3913 345 3973; x_wconf 89' lang='grc' dir='ltr'>τδ</span> <span class='ocrx_word' id='word_1_307' title='bbox 363 3909 396 3972; x_wconf 75' lang='grc' dir='ltr'>δὲ</span> <span class='ocrx_word' id='word_1_308' title='bbox 417 3911 527 3970; x_wconf 92' lang='grc' dir='ltr'>λοιπδν</span> <span class='ocrx_word' id='word_1_309' title='bbox 547 3903 637 3986; x_wconf 89' lang='grc' dir='ltr'>μέρος</span> <span class='ocrx_word' id='word_1_310' title='bbox 658 3907 712 3983; x_wconf 93' lang='grc' dir='ltr'>τῆς</span> <span class='ocrx_word' id='word_1_311' title='bbox 728 3904 848 3970; x_wconf 90' lang='grc' dir='ltr'>πόλεως</span> <span class='ocrx_word' id='word_1_312' title='bbox 871 3909 1012 3989; x_wconf 79' lang='grc' dir='ltr'>κατεῖχον</span> <span class='ocrx_word' id='word_1_313' title='bbox 1032 3907 1061 3969; x_wconf 78' lang='grc' dir='ltr'>οδ</span> <span class='ocrx_word' id='word_1_314' title='bbox 1084 3908 1275 3988; x_wconf 89' lang='grc' dir='ltr'>Συρακόσιοι.</span> 
     </span>
     <span class='ocr_line' id='line_1_35' title="bbox 124 4004 1276 4093; baseline 0.002 -16"><span class='ocrx_word' id='word_1_315' title='bbox 124 4015 199 4093; x_wconf 79' lang='grc' dir='ltr'>μετὰ</span> <span class='ocrx_word' id='word_1_316' title='bbox 214 4015 248 4077; x_wconf 73' lang='grc' dir='ltr'>δὲ</span> <span class='ocrx_word' id='word_1_317' title='bbox 266 4016 358 4076; x_wconf 78' lang='grc' dir='ltr'>ταῦτα</span> <span class='ocrx_word' id='word_1_318' title='bbox 374 4013 390 4074; x_wconf 86' lang='grc' dir='ltr'>ὁ</span> <span class='ocrx_word' id='word_1_319' title='bbox 404 4012 460 4089; x_wconf 78' lang='grc' dir='ltr'>μὲν</span> <span class='ocrx_word' id='word_1_320' title='bbox 480 4008 704 4091; x_wconf 85' lang='grc' dir='ltr'>Θρασύβουλος</span> <span class='ocrx_word' id='word_1_321' title='bbox 722 4011 787 4072; x_wconf 83' lang='grc' dir='ltr'>ταῖς</span> <span class='ocrx_word' id='word_1_322' title='bbox 807 4004 914 4072; x_wconf 79' lang='grc' dir='ltr'>ναυσίν</span> <span class='ocrx_word' id='word_1_323' title='bbox 928 4009 1115 4076; x_wconf 89' lang='grc' dir='ltr'>ἐπιπλεύσας</span> <span class='ocrx_word' id='word_1_324' title='bbox 1135 4011 1186 4075; x_wconf 82' lang='grc' dir='ltr'>ἐπὶ</span> <span class='ocrx_word' id='word_1_325' title='bbox 1205 4012 1276 4079; x_wconf 77' lang='grc' dir='ltr'>τοὺς</span> 
     </span>
     <span class='ocr_line' id='line_1_36' title="bbox 124 4110 1275 4198; baseline 0.002 -20"><span class='ocrx_word' id='word_1_326' title='bbox 124 4117 297 4195; x_wconf 89' lang='grc' dir='ltr'>πολεμίους,</span> <span class='ocrx_word' id='word_1_327' title='bbox 314 4112 362 4179; x_wconf 82' lang='grc' dir='ltr'>καὶ</span> <span class='ocrx_word' id='word_1_328' title='bbox 377 4114 515 4194; x_wconf 79' lang='grc' dir='ltr'>λειφθεὶς</span> <span class='ocrx_word' id='word_1_329' title='bbox 533 4111 747 4198; x_wconf 78' lang='grc' dir='ltr'>τῆναυμαχία,</span> <span class='ocrx_word' id='word_1_330' title='bbox 767 4112 882 4191; x_wconf 78' lang='grc' dir='ltr'>συχνὰς</span> <span class='ocrx_word' id='word_1_331' title='bbox 899 4111 955 4191; x_wconf 84' lang='grc' dir='ltr'>μέν</span> <span class='ocrx_word' id='word_1_332' title='bbox 974 4110 1104 4193; x_wconf 84' lang='grc' dir='ltr'>τριήρεις</span> <span class='ocrx_word' id='word_1_333' title='bbox 1125 4114 1275 4195; x_wconf 90' lang='grc' dir='ltr'>ἀπέβαλε,</span> 
     </span>
     <span class='ocr_line' id='line_1_37' title="bbox 124 4209 1276 4300; baseline 0.003 -20"><span class='ocrx_word' id='word_1_334' title='bbox 124 4223 188 4284; x_wconf 85' lang='grc' dir='ltr'>ταῖς</span> <span class='ocrx_word' id='word_1_335' title='bbox 212 4218 237 4282; x_wconf 85' lang='grc' dir='ltr'>δ’</span> <span class='ocrx_word' id='word_1_336' title='bbox 261 4219 370 4284; x_wconf 86' lang='grc' dir='ltr'>ἀλλαις</span> <span class='ocrx_word' id='word_1_337' title='bbox 394 4215 562 4298; x_wconf 88' lang='grc' dir='ltr'>κατέφυγεν</span> <span class='ocrx_word' id='word_1_338' title='bbox 586 4217 628 4280; x_wconf 84' lang='grc' dir='ltr'>εἰς</span> <span class='ocrx_word' id='word_1_339' title='bbox 651 4212 706 4292; x_wconf 79' lang='grc' dir='ltr'>τὴν</span> <span class='ocrx_word' id='word_1_340' title='bbox 730 4214 847 4289; x_wconf 80' lang='grc' dir='ltr'>Νῆσον.</span> <span class='ocrx_word' id='word_1_341' title='bbox 893 4209 942 4300; x_wconf 84' lang='grc'>(4)</span> <span class='ocrx_word' id='word_1_342' title='bbox 964 4215 1073 4293; x_wconf 81' lang='grc' dir='ltr'>ὁμοίως</span> <span class='ocrx_word' id='word_1_343' title='bbox 1094 4216 1128 4280; x_wconf 84' lang='grc' dir='ltr'>δέ</span> <span class='ocrx_word' id='word_1_344' title='bbox 1150 4214 1198 4282; x_wconf 75' lang='grc' dir='ltr'>καὶ</span> <span class='ocrx_word' id='word_1_345' title='bbox 1220 4218 1276 4296; x_wconf 79' lang='grc' dir='ltr'>τήν</span> 
     </span>
     <span class='ocr_line' id='line_1_38' title="bbox 125 4315 1275 4403; baseline 0.003 -18"><span class='ocrx_word' id='word_1_346' title='bbox 125 4321 220 4401; x_wconf 79' lang='grc' dir='ltr'>πεζὴν</span> <span class='ocrx_word' id='word_1_347' title='bbox 238 4321 362 4401; x_wconf 87' lang='grc' dir='ltr'>δύναμιν</span> <span class='ocrx_word' id='word_1_348' title='bbox 381 4320 564 4403; x_wconf 82' lang='grc' dir='ltr'>προαγαγέον</span> <span class='ocrx_word' id='word_1_349' title='bbox 584 4319 616 4382; x_wconf 87' lang='grc' dir='ltr'>ἐκ</span> <span class='ocrx_word' id='word_1_350' title='bbox 636 4321 689 4397; x_wconf 91' lang='grc' dir='ltr'>τῆς</span> <span class='ocrx_word' id='word_1_351' title='bbox 708 4315 889 4400; x_wconf 79' lang='grc' dir='ltr'>Ἀχραδινῆς</span> <span class='ocrx_word' id='word_1_352' title='bbox 908 4316 956 4383; x_wconf 82' lang='grc' dir='ltr'>καλ</span> <span class='ocrx_word' id='word_1_353' title='bbox 976 4319 1222 4400; x_wconf 84' lang='grc' dir='ltr'>παραταξόμενος</span> <span class='ocrx_word' id='word_1_354' title='bbox 1241 4326 1275 4389; x_wconf 90' lang='grc' dir='ltr'>ἐν</span> 
     </span>
     <span class='ocr_line' id='line_1_39' title="bbox 125 4420 1276 4507; baseline 0.003 -19"><span class='ocrx_word' id='word_1_355' title='bbox 125 4430 188 4491; x_wconf 80' lang='grc' dir='ltr'>τοῖς</span> <span class='ocrx_word' id='word_1_356' title='bbox 211 4426 403 4507; x_wconf 90' lang='grc' dir='ltr'>προαστείοις</span> <span class='ocrx_word' id='word_1_357' title='bbox 424 4422 547 4502; x_wconf 84' lang='grc' dir='ltr'>ἡττήθη,</span> <span class='ocrx_word' id='word_1_358' title='bbox 568 4423 617 4486; x_wconf 85' lang='grc' dir='ltr'>καὶ</span> <span class='ocrx_word' id='word_1_359' title='bbox 640 4420 774 4486; x_wconf 86' lang='grc' dir='ltr'>πολλοὺς</span> <span class='ocrx_word' id='word_1_360' title='bbox 792 4421 962 4502; x_wconf 76' lang='grc' dir='ltr'>ἀποβαλὼν</span> <span class='ocrx_word' id='word_1_361' title='bbox 983 4421 1159 4505; x_wconf 87' lang='grc' dir='ltr'>ἠναγκάσθη</span> <span class='ocrx_word' id='word_1_362' title='bbox 1181 4425 1276 4492; x_wconf 89' lang='grc' dir='ltr'>πόλιν</span> 
     </span>
     <span class='ocr_line' id='line_1_40' title="bbox 126 4524 1276 4611; baseline 0.002 -17"><span class='ocrx_word' id='word_1_363' title='bbox 126 4533 169 4598; x_wconf 82' lang='grc' dir='ltr'>είς</span> <span class='ocrx_word' id='word_1_364' title='bbox 190 4530 247 4611; x_wconf 79' lang='grc' dir='ltr'>τὴν</span> <span class='ocrx_word' id='word_1_365' title='bbox 264 4527 447 4611; x_wconf 80' lang='grc' dir='ltr'>Ἀχραδινήν</span> <span class='ocrx_word' id='word_1_366' title='bbox 467 4527 673 4608; x_wconf 89' lang='grc' dir='ltr'>ἀποχωρῆσαι.</span> <span class='ocrx_word' id='word_1_367' title='bbox 719 4524 807 4592; x_wconf 89' lang='grc' dir='ltr'>τέλος</span> <span class='ocrx_word' id='word_1_368' title='bbox 827 4529 861 4591; x_wconf 73' lang='grc' dir='ltr'>δὲ</span> <span class='ocrx_word' id='word_1_369' title='bbox 879 4526 1030 4608; x_wconf 87' lang='grc' dir='ltr'>ὀπογνοὺς</span> <span class='ocrx_word' id='word_1_370' title='bbox 1047 4527 1103 4608; x_wconf 77' lang='grc' dir='ltr'>τήν</span> <span class='ocrx_word' id='word_1_371' title='bbox 1118 4531 1276 4611; x_wconf 88' lang='grc' dir='ltr'>τυραννίδα</span> 
     </span>
     <span class='ocr_line' id='line_1_41' title="bbox 674 4644 732 4693; baseline 0.017 -1"><span class='ocrx_word' id='word_1_372' title='bbox 674 4644 693 4692; x_wconf 80' lang='grc' dir='ltr'><strong>Ζ</strong></span> <span class='ocrx_word' id='word_1_373' title='bbox 713 4645 732 4693; x_wconf 81' lang='lat'>2</span> 
     </span>
    </p>
   </div>
   <div class='ocr_carea' id='block_1_5' title="bbox 0 0 1504 5046">
    <p class='ocr_par' dir='ltr' id='par_1_5' title="bbox 0 0 1504 5046">
     <span class='ocr_line' id='line_1_42' title="bbox 0 0 1504 5046; baseline 0 0"><span class='ocrx_word' id='word_1_374' title='bbox 0 0 1504 5046; x_wconf 95' lang='lat' dir='ltr'> </span> 
     </span>
    </p>
   </div>
  </div>
 </body>
</html>
