3000 5046
170 371 284 438 ’ΖΘ-θα]
419 364 589 426 SPARTA
616 366 710 425 AND
734 364 1079 425 PELOPONNESOS.
1263 380 1323 443 305

259 703 329 761 'Phe
352 703 435 762 Wer
457 705 612 762 between
634 703 708 760 Elis
731 705 800 761 and
821 703 902 764 Pisa
923 705 993 763 end
1014 705 1074 762 the
1097 705 1237 774 'I'emple

553 816 593 873 of
610 817 697 873 zeus
719 819 756 875 et
778 816 946 888 Olympia.

217 972 271 1027 88.
295 960 391 1026 Paua.
408 983 440 1025 v.
460 981 507 1028 10.
526 980 564 1028 2:
593 962 742 1043 Ἐποιήθη
766 967 799 1029 δὲ
823 966 839 1027 ὁ
860 964 931 1031 ναὸς
954 961 1003 1028 καὶ
1023 963 1057 1028 τὸ
1077 963 1201 1046 άγαλμα
1216 959 1255 1048 τῷ
1272 964 1324 1027 Διὶ
1419 1034 1424 1041 ,

172 1067 232 1130 άπὸ
247 1066 403 1149 λαφύρων,
421 1065 507 1146 ἡνίκα
524 1067 627 1133 Πίσαν
642 1069 672 1131 οί
687 1067 810 1132 Ἠλεῖοι
832 1064 880 1131 καὶ
902 1069 977 1134 ὅσον
998 1075 1059 1133 τῶν
1073 1066 1231 1150 περιοίκων
1246 1066 1324 1130 άλλο

174 1169 346 1247 συναπέστη
363 1171 507 1237 Πισαίοις
522 1170 646 1256 πολέμιρ
662 1175 812 1237 καθεῖλον.

217 1343 271 1401 87.
298 1331 389 1398 lldd.
413 1335 443 1399 6.
465 1354 511 1413 4:
548 1333 621 1399 Ἐπὶ
653 1338 687 1400 δὲ
721 1339 775 1398 τοῦ
811 1333 945 1417 πολέμου
982 1339 1035 1400 τοΰ
1072 1334 1213 1400 Πισαίων
1251 1341 1325 1413 πρὸς
1394 1362 1397 1370 ·

170 1435 313 1505 ’Ἠλείους
337 1437 490 1522 ἐπίκουροί
509 1463 543 1504 τε
567 1439 707 1505 Πισαίων
730 1440 760 1503 οί
784 1440 995 1505 Σκιλλούντιοι
1021 1436 1070 1504 καί
1097 1437 1237 1523 διάφοροι
1263 1444 1325 1506 τοῖς

173 1539 309 1610 Ἠλείοις
331 1542 411 1623 ἦσαν
433 1546 465 1608 ἐκ
491 1546 545 1608 τοῦ
567 1547 709 1625 φανεροῦ,
731 1547 779 1608 καὶ
801 1548 885 1627 σφᾶς
907 1545 936 1609 οί
958 1543 1082 1609 Ἠλεῖοι
1103 1543 1217 1609 τούτων
1238 1543 1325 1610 ἕνεκα

173 1646 321 1725 ἐποίησαν
334 1646 529 1714 άναστάτους.

218 1810 273 1865 88.
291 1798 345 1864 Id.
367 1801 413 1864 vi.
440 1820 490 1868 τυ.
511 1821 551 1880 4:
585 1803 704 1887 Πύρρου
726 1807 759 1868 δέ
785 1806 839 1865 τοῦ
865 1795 1094 1868 Πανταλέοντος
1122 1799 1199 1882 μετὰ
1223 1806 1326 1881 Δαμο·

175 1911 281 1984 φῶντα
313 1910 366 1969 τὸν
402 1906 538 1988 άδελφὸν
573 1907 819 1987 βασιλεύσαντος
852 1909 979 1971 Πισαῖοι
1016 1905 1151 1987 πόλεμον
1188 1904 1327 1970 ἑκούσιον

174 2009 371 2073 ἐπανείλοντο
392 2007 537 2078 Ἠλείοις.
582 2010 817 2088 συναπέστησαν
839 2010 871 2076 δέ
894 2017 1005 2091 σφισιν
1027 2009 1086 2073 άπὸ
1106 2008 1240 2073 Ἠλείων
1255 2011 1325 2071 Μα-

176 2110 285 2177 κίστιοι
305 2110 353 2177 καὶ
370 2114 589 2194 Σκιλλούντιοι,
605 2115 686 2180 οὗτοι
706 2117 763 2195 μέν
780 2118 812 2180 ἐκ
835 2117 887 2195 τῆς
902 2115 1083 2198 Τριφυλίας,
1099 2120 1159 2179 τῶν
1173 2117 1206 2179 δέ
1221 2113 1327 2178 άλλων

175 2216 333 2298 περιοίκων
348 2218 543 2285 Δυσπόντιοι.
564 2267 571 2281 .
592 2267 599 2283 .
620 2267 628 2281 .
648 2219 796 2286 Πισαίους
816 2223 873 2296 μὲν
895 2215 932 2297 δὴ
955 2215 1004 2282 καὶ
1026 2219 1095 2282 ὅσοι
1116 2223 1170 2282 τοῦ
1191 2215 1327 2297 πολέμου

176 2320 319 2387 Πισαίοις
333 2320 493 2404 μετίσχον,
510 2320 665 2402 ἐπέλαβεν
680 2321 866 2390 ἀναστάτους
881 2323 940 2386 ὑπὸ
953 2321 1088 2387 Ἠλείων
1101 2320 1256 2404 γενέσθαι.

218 2422 302 2489 Ηάτ.
318 2424 364 2488 iv.
384 2426 455 2503 148.

223 2581 277 2636 89.
301 2570 409 2635 Strab.
425 2571 497 2634 viii.
519 2589 547 2637 τι.
566 2591 609 2656 30
624 2569 657 2658 (3
660 2572 736 2658 55):
768 2573 896 2655 Χρόνοις
912 2571 936 2636 δ’
952 2575 1080 2655 ὕστερον
1097 2569 1327 2651 μεταπεσούσης

177 2674 271 2739 πάλιν
285 2677 338 2753 τῆς
354 2674 521 2742 Πισάτιδος
544 2678 587 2742 είς
609 2676 678 2743 τοὺς
692 2673 832 2741 Ἠλείους
854 2675 1021 2757 μετέπεσεν
1044 2677 1087 2740 είς
1105 2672 1211 2740 αὐτοὺς
1233 2671 1327 2737 πάλιν

178 2775 226 2842 καὶ
248 2778 267 2859 ἡ
290 2779 488 2860 ἆγωνοθεσία.
534 2777 724 2862 συνέπραξαν
747 2784 779 2845 δέ
803 2779 852 2843 καὶ
874 2781 903 2842 οί
926 2778 1156 2857 Λακεδαιμόνιοι
1176 2780 1253 2857 μετὰ
1273 2776 1328 2855 τὴν

177 2880 312 2966 ἐσχάτην
333 2881 499 2947 κατάλυσιν
520 2890 581 2948 τῶν
597 2882 781 2961 Μεσσηνίων
804 2880 1042 2966 ουρμαχήσασιν
1063 2880 1164 2945 αὐτοῖς
1186 2879 1328 2944 τάναντία

176 2992 237 3051 τῶν
259 2986 414 3070 Νέστορος
437 2987 596 3070 ἀπογόνων
617 2983 667 3050 καέ
688 2995 749 3052 τῶν
768 2985 920 3068 Ἀρκάδων
943 2982 1243 3066 συμπολεμησάντων
1264 2987 1328 3050 τοῖς

178 3089 379 3170 Μεσσηνίοις·
417 3087 466 3153 καὶ
495 3091 546 3155 ἐπὶ
575 3091 721 3156 τοσοῦτόν
747 3117 783 3171 γε
812 3088 1004 3171 συνέπραξαν
1033 3090 1114 3153 ὥστε
1143 3087 1196 3166 τὴν
1225 3086 1329 3170 χώραν

177 3191 301 3256 άπασαν
322 3193 377 3271 τὴν
398 3191 488 3275 μέχρι
511 3192 676 3273 Μεσσήνης
697 3191 825 3259 Ἠλείαν
846 3195 972 3277 ῥηθῆναι
999 3188 1047 3255 καὶ
1070 3195 1217 3268 διαμεῖναι
1238 3190 1328 3272 μέχρι

177 3299 240 3374 νῦν,
257 3299 402 3362 Πισατῶν
417 3300 448 3362 δέ
465 3297 514 3360 καὶ
524 3296 700 3379 Τριφυλίων
715 3295 764 3360 καὶ
780 3297 947 3361 Καυκιύνων
961 3292 1029 3374 μηδ’
1044 3296 1137 3374 ὄνομα
1152 3296 1327 3375 λειφθῆναι.

177 3401 227 3464 καὶ
243 3399 333 3464 αὐτὸν
351 3403 383 3464 δὲ
403 3405 456 3465 τὸν
472 3400 579 3465 Πύλον
599 3400 651 3465 τὸν
672 3400 842 3480 ἠμαθόεντα
866 3401 908 3466 είς
928 3404 963 3463 τὸ
982 3402 1129 3481 Λέπρειον
1145 3394 1327 3481 συνῴκισαν,

177 3504 369 3587 χαριζόμενοι
389 3509 451 3570 τοῖς
467 3504 652 3584 Λεπρεάταις
675 3502 844 3584 κρατήσασι
862 3500 993 3586 πολέμιρ,
1016 3501 1064 3565 καὶ
1087 3500 1186 3566 άλλας
1209 3502 1328 3565 πολλὰς

177 3611 237 3671 τῶν
259 3614 416 3673 κατοικιῶν
438 3605 646 3686 κατέσπασαν,
661 3608 737 3674 ὅσας
759 3605 787 3689 γ’
810 3606 910 3688 έιύρων
933 3603 1133 3686 αύτοπραγεῖν
1151 3604 1327 3680 ἐθελούσας,

178 3708 226 3775 καὶ
242 3713 354 3796 φόρους
371 3709 547 3794 ἐπράξαντο.

321 3939 385 4006 Τίνα
406 3940 521 4007 Skidd
541 3940 714 4007 dedicated
737 3939 778 4028 by
799 3940 851 4006 dte
872 3937 1194 4005 Lalcedadewdidds.

224 4104 285 4171 See
299 4106 406 4171 above
421 4114 491 4170 111.
506 4116 583 4182 100,
598 4117 667 4171 101.

549 4332 613 4400 Τίνα
635 4331 820 4398 Architect:
848 4330 966 4398 Idbod.

225 4499 282 4554 90.
306 4486 404 4553 Paus,
420 4508 452 4553 v.
468 4507 516 4551 10.
532 4507 573 4575 3:
595 4488 717 4555 Τέκτων
732 4491 764 4552 δὲ
780 4484 901 4569 ἐγένετο
917 4486 1007 4550 αὐτοῦ
1021 4485 1129 4565 Λίβων
1143 4484 1314 4568 ἐπιχώριος.

740 4606 764 4653 X
