3000 5046
169 376 310 442 ιον-177.]
479 367 566 426 THE
593 367 805 426 WESTERN
831 368 1008 426 GREEKS.
1261 383 1322 444 349

213 571 281 626 173.
309 559 429 625 Suidas
454 559 677 643 Ἐμπεδοκλῆςι
711 563 809 628 Οῦτος
836 563 1080 643 θἘμπεδοκλῆς
1102 562 1220 643 στέμμα
1242 564 1321 647 έχων

171 662 220 729 έπί
252 667 303 742 τῆς
328 668 464 746 κεφαλῆς
486 670 629 750 χρυσοῦν,
656 663 703 729 καὶ
729 667 864 744 ἀμύκλας
887 668 920 731 έν
942 671 1005 733 τοῖς
1028 662 1102 730 ποσί
1122 671 1248 749 χαλκάς,
1272 668 1321 730 καὶ

170 768 326 851 στέμματα
355 771 497 851 Δελφικὰ
524 771 556 835 έν
579 776 645 836 ταῖς
670 771 787 855 χερσίν,
811 768 895 856 ἀπῄει
919 769 973 836 τὰς
997 770 1114 848 πόλεις,
1136 769 1229 850 δόξαν
1253 768 1321 850 περὶ

170 876 260 938 αὑτοῦ
276 879 441 957 κατασχεῖν
457 873 496 940 ὡς
511 875 579 956 περὶ
595 878 665 939 θεοῦ
679 875 876 956 βουλόμενος.

213 1021 283 1076 174.
307 1009 402 1097 Diog.
419 1011 526 1076 Laert.
542 1011 613 1077 viii.
629 1010 852 1096 62=Emped.
870 1034 901 1076 v.
918 1031 1000 1096 397:

252 1113 297 1178 Ὦ
319 1116 417 1195 φίλοι,
435 1116 464 1179 οῖ
486 1114 564 1198 μέγα
585 1115 663 1180 ἀστυ
685 1119 760 1180 κατὰ
782 1115 893 1193 ξανθοῦ
915 1113 1118 1199 Ἀκράγαντος

257 1219 349 1283 ναίετ’
371 1219 417 1281 ἀν’
439 1218 514 1298 ἀκρα
537 1220 658 1295 πόλεος,
681 1221 805 1302 ἀγαθῶν
826 1217 1028 1300 μελεδήμονες
1051 1221 1155 1303 ἔργων,

257 1321 365 1402 ξείνων
385 1325 494 1386 αίδοῖοι
516 1323 647 1402 λιμένες,
669 1326 833 1402 κακότητος
855 1324 982 1405 ἄπειροι.

256 1425 380 1508 χαίρετ’·
411 1427 471 1509 έγδν
494 1423 520 1490 δ’
537 1426 628 1506 ύμμιν
651 1433 719 1494 θεδς
740 1426 903 1509 ἀμβροτος,
926 1426 1025 1491 ούκέτι
1048 1432 1152 1504 θνητὸς

257 1533 414 1607 πωλεῦμαι
435 1528 511 1609 μετὰ
534 1534 610 1593 πᾶσι
634 1531 793 1610 τετιμένος,
815 1530 919 1611 ὥσπερ
943 1532 1036 1607 ἔοικα,

258 1634 386 1698 ταινίαις
408 1658 440 1696 τε
464 1632 663 1713 περίστεπτος
686 1632 834 1714 στέφεσίν
856 1659 889 1697 τε
912 1634 1052 1698 θαλείοις.

257 1741 356 1800 τοῖσιν
379 1735 428 1816 ἀμ’
454 1736 510 1800 εὖτ’
534 1737 571 1801 ἀν
594 1740 703 1817 ἵκωμαι
725 1738 756 1804 ές
778 1736 874 1801 ἀστεα
895 1736 1095 1816 τηλεθόωντα,

258 1839 402 1921 ἀνδράσιν
424 1840 476 1919 ἠδὲ
499 1839 617 1922 γυναιξί
640 1841 811 1921 σεβίζομαι·
843 1842 872 1904 οῖ
895 1840 920 1904 δ’
943 1839 993 1920 ἀμ’
1013 1839 1134 1904 ἕπονται

257 1945 367 2024 μυρίοι,
391 1943 559 2024 ἐξερέοντες
582 1946 641 2023 όπη
664 1950 738 2028 πρδς
761 1945 864 2024 κέρδος
886 1944 1026 2026 ἀταρπός,

259 2047 288 2108 οί
310 2049 366 2123 μὲν
386 2047 597 2126 μαντοσυνέων
619 2050 805 2133 κεχρημένοι,
829 2050 859 2112 σί
883 2047 909 2112 δ’
931 2044 979 2111 ἐπὶ
1003 2048 1120 2111 νούσων

258 2145 362 2233 (δηρὸν
384 2150 421 2229 δή
444 2153 598 2237 χαλεπῇσι
620 2153 805 2236 πεπαρμένοι
827 2152 902 2234 ἀμφ’
925 2149 1063 2239 ὀδύνῃσι)

259 2254 411 2318 παντοίων
434 2252 580 2319 έπύθοντο
602 2255 705 2321 κλύειν
728 2255 834 2336 εῦήκεα
856 2254 958 2337 βόξιν.

491 2532 558 2600 His
579 2532 751 2621 liberality
773 2540 809 2600 at
832 2534 1002 2622 Olympia.

215 2701 283 2755 175.
307 2687 396 2755 Ibid.
413 2706 475 2774 53:
499 2690 633 2774 Σάτυρος
653 2692 679 2756 δ’
698 2693 732 2757 έν
752 2697 816 2759 τοῖς
836 2694 919 2772 βίοις
937 2690 1034 2773 φησίν
1054 2695 1100 2757 ὅτι
1117 2691 1324 2775 Ἐμπεδοκλῆς

171 2795 235 2861 υῖδς
249 2798 304 2875 μὲν
324 2794 360 2875 ῆν
381 2795 566 2876 Ἐξαινέτου,
584 2795 728 2862 κατέλιπε
749 2800 782 2861 δὲ
804 2793 851 2860 καί
873 2797 963 2863 αὐτὸς
982 2798 1049 2862 νῖὸν
1071 2794 1250 2878 Ἐξαίνετον·
1274 2799 1327 2863 έτί

172 2925 205 2963 τε
228 2901 279 2976 τῆς
305 2901 397 2976 αὐτῆς
419 2899 603 2980 ὀλυμπιάδος
625 2900 679 2965 τδν
699 2902 755 2980 μὶν
778 2903 861 2987 ἵππῳ
884 2899 986 2977 κέλητι
1008 2901 1203 2981 νενικηκέναι,
1224 2909 1277 2966 τὸν
1298 2900 1325 2965 δ’

172 3004 237 3066 νῖδν
259 3003 349 3067 αῦτοῦ
369 3003 452 3081 πάλη
469 3002 497 3083 ἤ,
518 3002 558 3072 ὧς
575 3003 778 3087 Ἡρακλείδης
798 3006 832 3071 έν
851 3032 887 3094 τη
910 3006 1045 3090 ἐπιτομῇ,
1063 3008 1170 3091 δρόμῳ.
1217 3008 1276 3090 έγιδ
1298 3008 1327 3071 δ’

172 3106 259 3186 εὗρον
274 3110 306 3172 ἔν
318 3113 381 3174 τοῖς
391 3107 588 3187 ὑπομνήμασι
603 3111 785 3191 Φαβωρίνου
801 3111 848 3174 ότι
864 3107 912 3173 καὶ
927 3116 1005 3191 βοῦν
1020 3112 1111 3176 ἔθυσε
1122 3116 1185 3177 τοῖς
1200 3116 1324 3192 θεωροῖς

173 3212 189 3272 ὁ
213 3211 419 3289 ’Ἐμπεδοκλῆς
440 3214 472 3274 ἐκ
498 3210 620 3290 μέλιτος
643 3213 691 3276 καὶ
714 3213 853 3294 ἀλφίτων
875 3211 923 3278 καί
946 3216 1082 3295 ἀδελφὸν
1105 3216 1181 3299 ἔσχε
1203 3221 1323 3280 Καλλι-

173 3313 321 3392 κρατίδην.

216 3459 285 3514 176.
310 3446 447 3512 Suidas:
470 3450 658 3528 Ἀθηναῖος.
680 3500 687 3516 .
709 3500 717 3515 .
739 3455 789 3516 καὶ
811 3450 1020 3533 Ἐμπεδοκλῆς
1043 3456 1060 3518 ό
1082 3453 1324 3537 Ἀκραγαντῖνος,

175 3557 382 3635 Πυθαγορικὸς
406 3552 448 3617 ὢν
475 3551 524 3618 καὶ
549 3554 694 3636 ἐμψύχων
718 3557 918 3640 ἀπεχόμενος,
941 3556 1095 3637 Ὀλύμπια
1122 3556 1263 3636 νικήσας,
1289 3561 1323 3622 έκ

173 3661 345 3735 λιβανωτοῦ
356 3654 404 3720 καὶ
416 3658 548 3739 σμύρνης
559 3654 679 3724 καὶτῶν
691 3667 870 3725 πολυτελῦν
882 3658 1046 3742 ἀρωμάτων
1057 3665 1134 3736 βοῦν
1144 3659 1324 3726 ἀναπλάσας

173 3760 302 3838 διένειμε
318 3765 381 3828 τοῖς
397 3763 438 3828 είς
453 3762 508 3841 τήν
526 3760 692 3846 πανήγυριν
707 3761 911 3843 ἀπαντήσασι.

517 4027 587 4092 His
603 4026 846 4113 ράίάαεορίιίααί
867 4026 981 4093 ινονίιν.

217 4191 284 4245 177.
308 4177 403 4266 Diog.
420 4181 527 4248 Laert.
543 4181 614 4247 viii.
631 4198 691 4265 77:
715 4186 763 4247 Τδ
777 4186 832 4264 μὲν
848 4183 900 4247 οῦν
915 4184 982 4262 περὶ
998 4183 1122 4265 φύσεως
1137 4185 1213 4269 ούτηῖ
1230 4186 1280 4249 καὶ
1295 4188 1325 4249 οῖ

175 4286 330 4364 Καθαρμοὶ
348 4288 391 4350 είς
410 4287 466 4364 έπη
487 4287 621 4350 τείνουσι
640 4289 884 4370 πεντακισχίλια.
929 4290 994 4352 ύδὲ
1015 4290 1146 4368 ίατρικδς
1165 4288 1259 4370 λόγος
1280 4291 1324 4357 είς

176 4387 232 4465 ἔπη
249 4389 402 4464 ἑξακόσια.
448 4387 515 4469 περὶ
531 4391 563 4452 δὲ
578 4397 638 4453 τῶν
653 4396 824 4475 τραγῳδιῶν
838 4390 1064 4473 προειρήκαμεν.

219 4486 339 4552 Suidas
353 4486 570 4569 Ἐμπεδοκλῆς.
614 4490 676 4557 See
691 4491 799 4557 below
814 4502 886 4559 187.
