<?xml version="1.0" encoding="UTF-8"?>
<!DOCTYPE html PUBLIC "-//W3C//DTD XHTML 1.0 Transitional//EN"
    "http://www.w3.org/TR/xhtml1/DTD/xhtml1-transitional.dtd">
<html xmlns="http://www.w3.org/1999/xhtml" xml:lang="en" lang="en">
 <head>
  <title>
</title>
<meta http-equiv="Content-Type" content="text/html;charset=utf-8" />
  <meta name='ocr-system' content='tesseract 3.04.00' />
  <meta name='ocr-capabilities' content='ocr_page ocr_carea ocr_par ocr_line ocrx_word'/>
</head>
<body>
  <div class='ocr_page' id='page_1' title='image "./sourcesforgreek00hillgoog/sourcesforgreek00hillgoog_0180.png"; bbox 0 0 3000 5046; ppageno 0'>
   <div class='ocr_carea' id='block_1_1' title="bbox 164 339 1318 418">
    <p class='ocr_par' dir='ltr' id='par_1_1' title="bbox 164 339 1318 418">
     <span class='ocr_line' id='line_1_1' title="bbox 164 339 1318 418; baseline -0.002 -17"><span class='ocrx_word' id='word_1_1' title='bbox 164 351 314 417; x_wconf 65' lang='grc'>347333]</span> <span class='ocrx_word' id='word_1_2' title='bbox 427 341 520 402; x_wconf 87' lang='lat' dir='ltr'>HER</span> <span class='ocrx_word' id='word_1_3' title='bbox 545 340 702 400; x_wconf 82' lang='lat' dir='ltr'><em>ALLIES</em></span> <span class='ocrx_word' id='word_1_4' title='bbox 725 340 819 398; x_wconf 82' lang='lat' dir='ltr'>AND</span> <span class='ocrx_word' id='word_1_5' title='bbox 845 339 1064 400; x_wconf 85' lang='lat' dir='ltr'><em>COLONIES.</em></span> <span class='ocrx_word' id='word_1_6' title='bbox 1259 341 1318 418; x_wconf 88' lang='lat'>165</span> 
     </span>
    </p>
   </div>
   <div class='ocr_carea' id='block_1_2' title="bbox 41 535 1316 621">
    <p class='ocr_par' dir='ltr' id='par_1_2' title="bbox 41 535 1316 621">
     <span class='ocr_line' id='line_1_2' title="bbox 41 535 1316 621; baseline -0.004 -14"><span class='ocrx_word' id='word_1_7' title='bbox 41 602 45 607; x_wconf 91' lang='lat'>.</span> <span class='ocrx_word' id='word_1_8' title='bbox 162 537 284 616; x_wconf 78' lang='grc' dir='ltr'>μάντεις</span> <span class='ocrx_word' id='word_1_9' title='bbox 308 542 340 604; x_wconf 78' lang='grc' dir='ltr'>δὲ</span> <span class='ocrx_word' id='word_1_10' title='bbox 364 537 400 601; x_wconf 81' lang='grc' dir='ltr'>οὐ</span> <span class='ocrx_word' id='word_1_11' title='bbox 424 537 491 604; x_wconf 82' lang='grc' dir='ltr'>τοὺς</span> <span class='ocrx_word' id='word_1_12' title='bbox 515 538 575 600; x_wconf 89' lang='grc' dir='ltr'>ἀπδ</span> <span class='ocrx_word' id='word_1_13' title='bbox 602 537 734 621; x_wconf 94' lang='grc' dir='ltr'>Θουρίου</span> <span class='ocrx_word' id='word_1_14' title='bbox 756 535 889 616; x_wconf 78' lang='grc' dir='ltr'>μάντεις,</span> <span class='ocrx_word' id='word_1_15' title='bbox 904 537 987 601; x_wconf 86' lang='grc' dir='ltr'>ἀλλά</span> <span class='ocrx_word' id='word_1_16' title='bbox 1011 535 1079 602; x_wconf 83' lang='grc' dir='ltr'>τοὺς</span> <span class='ocrx_word' id='word_1_17' title='bbox 1106 539 1148 602; x_wconf 83' lang='grc' dir='ltr'>είς</span> <span class='ocrx_word' id='word_1_18' title='bbox 1175 538 1316 619; x_wconf 82' lang='grc' dir='ltr'>Θούριον,</span> 
     </span>
    </p>
   </div>
   <div class='ocr_carea' id='block_1_3' title="bbox 86 637 1317 1243">
    <p class='ocr_par' dir='ltr' id='par_1_3' title="bbox 86 637 1317 1243">
     <span class='ocr_line' id='line_1_3' title="bbox 163 637 1315 724; baseline 0.003 -20"><span class='ocrx_word' id='word_1_19' title='bbox 163 645 256 706; x_wconf 91' lang='grc' dir='ltr'>πόλιν</span> <span class='ocrx_word' id='word_1_20' title='bbox 282 641 433 720; x_wconf 88' lang='grc' dir='ltr'>Σικελίας,</span> <span class='ocrx_word' id='word_1_21' title='bbox 456 641 648 722; x_wconf 82' lang='grc' dir='ltr'>πεμφθέντας</span> <span class='ocrx_word' id='word_1_22' title='bbox 675 637 724 705; x_wconf 76' lang='grc' dir='ltr'>ἐπὶ</span> <span class='ocrx_word' id='word_1_23' title='bbox 748 641 789 724; x_wconf 76' lang='grc' dir='ltr'>τῷ</span> <span class='ocrx_word' id='word_1_24' title='bbox 809 639 910 704; x_wconf 83' lang='grc' dir='ltr'>κτίσαι</span> <span class='ocrx_word' id='word_1_25' title='bbox 934 639 1037 718; x_wconf 80' lang='grc' dir='ltr'>αὐτήν·</span> <span class='ocrx_word' id='word_1_26' title='bbox 1061 639 1262 722; x_wconf 75' lang='grc' dir='ltr'>ἐπέμφθησαν</span> <span class='ocrx_word' id='word_1_27' title='bbox 1283 646 1315 708; x_wconf 82' lang='grc' dir='ltr'>δέ</span> 
     </span>
     <span class='ocr_line' id='line_1_4' title="bbox 162 741 1316 827; baseline 0.002 -19"><span class='ocrx_word' id='word_1_28' title='bbox 162 744 232 810; x_wconf 90' lang='grc' dir='ltr'>δέκα</span> <span class='ocrx_word' id='word_1_29' title='bbox 247 743 361 827; x_wconf 87' lang='grc' dir='ltr'>ἀνδρες·</span> <span class='ocrx_word' id='word_1_30' title='bbox 385 748 427 810; x_wconf 82' lang='grc' dir='ltr'>ὧν</span> <span class='ocrx_word' id='word_1_31' title='bbox 442 742 491 809; x_wconf 78' lang='grc' dir='ltr'>καί</span> <span class='ocrx_word' id='word_1_32' title='bbox 506 742 642 823; x_wconf 80' lang='grc' dir='ltr'>Λάμπων</span> <span class='ocrx_word' id='word_1_33' title='bbox 657 742 694 823; x_wconf 86' lang='grc' dir='ltr'>ήν</span> <span class='ocrx_word' id='word_1_34' title='bbox 709 743 726 807; x_wconf 97' lang='lat'>6</span> <span class='ocrx_word' id='word_1_35' title='bbox 740 741 855 823; x_wconf 89' lang='grc' dir='ltr'>μάντις,</span> <span class='ocrx_word' id='word_1_36' title='bbox 875 743 910 809; x_wconf 91' lang='grc' dir='ltr'>δν</span> <span class='ocrx_word' id='word_1_37' title='bbox 926 742 1075 827; x_wconf 75' lang='grc' dir='ltr'>ἐξηγητὴν</span> <span class='ocrx_word' id='word_1_38' title='bbox 1096 746 1233 810; x_wconf 89' lang='grc' dir='ltr'>ἐκάλουν.</span> <span class='ocrx_word' id='word_1_39' title='bbox 1279 744 1316 825; x_wconf 86' lang='grc' dir='ltr'>ήν</span> 
     </span>
     <span class='ocr_line' id='line_1_5' title="bbox 162 844 1315 934; baseline -0.001 -21"><span class='ocrx_word' id='word_1_40' title='bbox 162 846 259 914; x_wconf 80' lang='grc' dir='ltr'>δὲκαὶ</span> <span class='ocrx_word' id='word_1_41' title='bbox 281 857 342 915; x_wconf 80' lang='grc' dir='ltr'>τῶν</span> <span class='ocrx_word' id='word_1_42' title='bbox 356 846 599 927; x_wconf 74' lang='grc' dir='ltr'>πολιτευομένων</span> <span class='ocrx_word' id='word_1_43' title='bbox 621 844 780 912; x_wconf 87' lang='grc' dir='ltr'>πολλάκις.</span> <span class='ocrx_word' id='word_1_44' title='bbox 828 847 940 931; x_wconf 86' lang='grc' dir='ltr'>λόγους</span> <span class='ocrx_word' id='word_1_45' title='bbox 962 851 996 913; x_wconf 79' lang='grc' dir='ltr'>δέ</span> <span class='ocrx_word' id='word_1_46' title='bbox 1017 858 1153 934; x_wconf 82' lang='grc' dir='ltr'>συνεχῶς</span> <span class='ocrx_word' id='word_1_47' title='bbox 1179 847 1315 931; x_wconf 77' lang='grc' dir='ltr'>εἰσάγειν</span> 
     </span>
     <span class='ocr_line' id='line_1_6' title="bbox 162 947 1317 1037; baseline 0.001 -22"><span class='ocrx_word' id='word_1_48' title='bbox 162 953 302 1034; x_wconf 80' lang='grc' dir='ltr'>ἐφαίνετο</span> <span class='ocrx_word' id='word_1_49' title='bbox 324 952 393 1037; x_wconf 76' lang='grc' dir='ltr'>περὶ</span> <span class='ocrx_word' id='word_1_50' title='bbox 418 956 471 1031; x_wconf 80' lang='grc' dir='ltr'>τῆς</span> <span class='ocrx_word' id='word_1_51' title='bbox 496 952 538 1016; x_wconf 81' lang='grc' dir='ltr'>είς</span> <span class='ocrx_word' id='word_1_52' title='bbox 564 951 695 1033; x_wconf 81' lang='grc' dir='ltr'>Θούριον</span> <span class='ocrx_word' id='word_1_53' title='bbox 720 948 866 1014; x_wconf 90' lang='grc' dir='ltr'>ἀποικίας.</span> <span class='ocrx_word' id='word_1_54' title='bbox 912 947 1047 1028; x_wconf 85' lang='grc' dir='ltr'>ἀλούσης</span> <span class='ocrx_word' id='word_1_55' title='bbox 1068 948 1127 1033; x_wconf 87' lang='grc' dir='ltr'>γάρ</span> <span class='ocrx_word' id='word_1_56' title='bbox 1143 950 1317 1035; x_wconf 85' lang='grc' dir='ltr'>Συβάρεως,</span> 
     </span>
     <span class='ocr_line' id='line_1_7' title="bbox 163 1048 1314 1142; baseline 0 -23"><span class='ocrx_word' id='word_1_57' title='bbox 163 1055 286 1139; x_wconf 81' lang='grc' dir='ltr'>Θούριοι</span> <span class='ocrx_word' id='word_1_58' title='bbox 316 1055 490 1136; x_wconf 77' lang='grc' dir='ltr'>ἐκλήθησαν</span> <span class='ocrx_word' id='word_1_59' title='bbox 516 1056 576 1118; x_wconf 82' lang='grc' dir='ltr'>ἀπὸ</span> <span class='ocrx_word' id='word_1_60' title='bbox 600 1051 708 1136; x_wconf 79' lang='grc' dir='ltr'>κρήνης</span> <span class='ocrx_word' id='word_1_61' title='bbox 734 1052 874 1135; x_wconf 89' lang='grc' dir='ltr'>Θουρίας.</span> <span class='ocrx_word' id='word_1_62' title='bbox 915 1048 1070 1142; x_wconf 79' lang='grc' dir='ltr'>Ἀλλως.]1</span> <span class='ocrx_word' id='word_1_63' title='bbox 1106 1053 1157 1139; x_wconf 80' lang='grc' dir='ltr'>[ὦς</span> <span class='ocrx_word' id='word_1_64' title='bbox 1187 1061 1314 1119; x_wconf 84' lang='grc' dir='ltr'>πολλῶν</span> 
     </span>
     <span class='ocr_line' id='line_1_8' title="bbox 86 1155 1111 1243; baseline -0.007 -16"><span class='ocrx_word' id='word_1_65' title='bbox 86 1220 90 1227; x_wconf 89' lang='grc'>.</span> <span class='ocrx_word' id='word_1_66' title='bbox 161 1159 331 1243; x_wconf 79' lang='grc' dir='ltr'>γενομένων</span> <span class='ocrx_word' id='word_1_67' title='bbox 345 1166 494 1240; x_wconf 82' lang='grc' dir='ltr'>μαντειῶν</span> <span class='ocrx_word' id='word_1_68' title='bbox 509 1155 558 1222; x_wconf 83' lang='grc' dir='ltr'>ἐπὶ</span> <span class='ocrx_word' id='word_1_69' title='bbox 573 1160 626 1236; x_wconf 82' lang='grc' dir='ltr'>τῆς</span> <span class='ocrx_word' id='word_1_70' title='bbox 642 1159 685 1224; x_wconf 87' lang='grc' dir='ltr'>είς</span> <span class='ocrx_word' id='word_1_71' title='bbox 701 1156 847 1238; x_wconf 92' lang='grc' dir='ltr'>Θουρίους</span> <span class='ocrx_word' id='word_1_72' title='bbox 862 1156 999 1223; x_wconf 87' lang='grc' dir='ltr'>ἀποικίας</span> <span class='ocrx_word' id='word_1_73' title='bbox 1014 1157 1111 1243; x_wconf 93' lang='grc' dir='ltr'>κ.τ.λ.]</span> 
     </span>
    </p>
   </div>
   <div class='ocr_carea' id='block_1_4' title="bbox 160 1287 1312 1892">
    <p class='ocr_par' dir='ltr' id='par_1_4' title="bbox 205 1287 537 1370">
     <span class='ocr_line' id='line_1_9' title="bbox 205 1287 537 1370; baseline -0.009 -18"><span class='ocrx_word' id='word_1_74' title='bbox 205 1298 281 1352; x_wconf 79' lang='grc'>348.</span> <span class='ocrx_word' id='word_1_75' title='bbox 304 1287 362 1352; x_wconf 70' lang='grc' dir='ltr'>Λα.</span> <span class='ocrx_word' id='word_1_76' title='bbox 378 1287 440 1352; x_wconf 84' lang='grc' dir='ltr'>Αυ.</span> <span class='ocrx_word' id='word_1_77' title='bbox 456 1301 537 1370; x_wconf 86' lang='lat'>521:</span> 
     </span>
    </p>

    <p class='ocr_par' dir='ltr' id='par_1_5' title="bbox 219 1387 1254 1475">
     <span class='ocr_line' id='line_1_10' title="bbox 219 1387 1254 1475; baseline 0 -20"><span class='ocrx_word' id='word_1_78' title='bbox 219 1392 353 1472; x_wconf 87' lang='grc' dir='ltr'>Λάμπων</span> <span class='ocrx_word' id='word_1_79' title='bbox 379 1390 404 1457; x_wconf 88' lang='grc' dir='ltr'>δ’</span> <span class='ocrx_word' id='word_1_80' title='bbox 429 1390 533 1472; x_wconf 83' lang='grc' dir='ltr'>ὄμνυσ’</span> <span class='ocrx_word' id='word_1_81' title='bbox 557 1389 602 1455; x_wconf 91' lang='grc' dir='ltr'>έτι</span> <span class='ocrx_word' id='word_1_82' title='bbox 628 1387 677 1454; x_wconf 81' lang='grc' dir='ltr'>καί</span> <span class='ocrx_word' id='word_1_83' title='bbox 699 1387 763 1454; x_wconf 80' lang='grc' dir='ltr'>νυνὶ</span> <span class='ocrx_word' id='word_1_84' title='bbox 783 1395 837 1453; x_wconf 82' lang='grc' dir='ltr'>τὸν</span> <span class='ocrx_word' id='word_1_85' title='bbox 859 1388 936 1470; x_wconf 82' lang='grc' dir='ltr'>χῆν’,</span> <span class='ocrx_word' id='word_1_86' title='bbox 959 1389 1033 1454; x_wconf 84' lang='grc' dir='ltr'>όταν</span> <span class='ocrx_word' id='word_1_87' title='bbox 1056 1388 1190 1475; x_wconf 77' lang='grc' dir='ltr'>ἐξαπατᾷ</span> <span class='ocrx_word' id='word_1_88' title='bbox 1213 1416 1254 1457; x_wconf 90' lang='grc' dir='ltr'>τι.</span> 
     </span>
    </p>

    <p class='ocr_par' dir='ltr' id='par_1_6' title="bbox 160 1490 1312 1892">
     <span class='ocr_line' id='line_1_11' title="bbox 205 1490 1312 1575; baseline 0 -14"><span class='ocrx_word' id='word_1_89' title='bbox 205 1493 314 1561; x_wconf 77' lang='lat' dir='ltr'>Schol.</span> <span class='ocrx_word' id='word_1_90' title='bbox 324 1495 371 1560; x_wconf 80' lang='lat' dir='ltr'>ad</span> <span class='ocrx_word' id='word_1_91' title='bbox 381 1494 458 1559; x_wconf 62' lang='lat' dir='ltr'>loa:</span> <span class='ocrx_word' id='word_1_92' title='bbox 475 1493 609 1575; x_wconf 90' lang='grc' dir='ltr'>Λάμπων</span> <span class='ocrx_word' id='word_1_93' title='bbox 624 1490 650 1558; x_wconf 93' lang='grc' dir='ltr'>δ’</span> <span class='ocrx_word' id='word_1_94' title='bbox 664 1495 791 1572; x_wconf 86' lang='grc' dir='ltr'>όμνυσι;</span> <span class='ocrx_word' id='word_1_95' title='bbox 807 1535 816 1554; x_wconf 83' lang='grc'>.</span> <span class='ocrx_word' id='word_1_96' title='bbox 834 1540 841 1555; x_wconf 95' lang='grc'>.</span> <span class='ocrx_word' id='word_1_97' title='bbox 858 1539 866 1557; x_wconf 95' lang='grc'>.</span> <span class='ocrx_word' id='word_1_98' title='bbox 882 1494 898 1556; x_wconf 92' lang='lat'>6</span> <span class='ocrx_word' id='word_1_99' title='bbox 915 1497 947 1559; x_wconf 79' lang='grc' dir='ltr'>δέ</span> <span class='ocrx_word' id='word_1_100' title='bbox 959 1493 1092 1574; x_wconf 78' lang='grc' dir='ltr'>Λάμπων</span> <span class='ocrx_word' id='word_1_101' title='bbox 1107 1494 1196 1573; x_wconf 83' lang='grc' dir='ltr'>θύτης</span> <span class='ocrx_word' id='word_1_102' title='bbox 1211 1494 1248 1575; x_wconf 88' lang='grc' dir='ltr'>ήν</span> <span class='ocrx_word' id='word_1_103' title='bbox 1263 1498 1312 1561; x_wconf 85' lang='grc' dir='ltr'>καὶ</span> 
     </span>
     <span class='ocr_line' id='line_1_12' title="bbox 160 1593 1311 1685; baseline 0.003 -23"><span class='ocrx_word' id='word_1_104' title='bbox 160 1601 371 1682; x_wconf 84' lang='grc' dir='ltr'>χρησμολόγος</span> <span class='ocrx_word' id='word_1_105' title='bbox 396 1597 444 1662; x_wconf 83' lang='grc' dir='ltr'>καὶ</span> <span class='ocrx_word' id='word_1_106' title='bbox 467 1598 581 1679; x_wconf 89' lang='grc' dir='ltr'>μάντις·</span> <span class='ocrx_word' id='word_1_107' title='bbox 615 1594 653 1685; x_wconf 68' lang='grc' dir='ltr'>(ᾧ</span> <span class='ocrx_word' id='word_1_108' title='bbox 680 1593 729 1661; x_wconf 80' lang='grc' dir='ltr'>καί</span> <span class='ocrx_word' id='word_1_109' title='bbox 754 1596 809 1676; x_wconf 77' lang='grc' dir='ltr'>τήν</span> <span class='ocrx_word' id='word_1_110' title='bbox 834 1598 876 1664; x_wconf 81' lang='grc' dir='ltr'>είς</span> <span class='ocrx_word' id='word_1_111' title='bbox 901 1597 1035 1681; x_wconf 84' lang='grc' dir='ltr'>Σύβαριν</span> <span class='ocrx_word' id='word_1_112' title='bbox 1061 1604 1120 1662; x_wconf 82' lang='grc' dir='ltr'>τῶν</span> <span class='ocrx_word' id='word_1_113' title='bbox 1142 1598 1311 1680; x_wconf 89' lang='grc' dir='ltr'>Ἀθηναίων</span> 
     </span>
     <span class='ocr_line' id='line_1_13' title="bbox 160 1700 1312 1786; baseline 0.003 -21"><span class='ocrx_word' id='word_1_114' title='bbox 160 1703 298 1766; x_wconf 79' lang='grc' dir='ltr'>ἀποικίαν</span> <span class='ocrx_word' id='word_1_115' title='bbox 324 1703 399 1768; x_wconf 90' lang='grc' dir='ltr'>ένιοι</span> <span class='ocrx_word' id='word_1_116' title='bbox 422 1701 650 1786; x_wconf 82' lang='grc' dir='ltr'>περιάπτουσιν,</span> <span class='ocrx_word' id='word_1_117' title='bbox 674 1701 763 1765; x_wconf 87' lang='grc' dir='ltr'>αύτδν</span> <span class='ocrx_word' id='word_1_118' title='bbox 787 1700 963 1784; x_wconf 79' lang='grc' dir='ltr'>ἡγήσασθαι</span> <span class='ocrx_word' id='word_1_119' title='bbox 988 1701 1127 1786; x_wconf 90' lang='grc' dir='ltr'>λέγοντες</span> <span class='ocrx_word' id='word_1_120' title='bbox 1149 1700 1312 1784; x_wconf 82' lang='grc' dir='ltr'>Ἀθηναῖον</span> 
     </span>
     <span class='ocr_line' id='line_1_14' title="bbox 160 1803 498 1892; baseline 0 -22"><span class='ocrx_word' id='word_1_121' title='bbox 160 1808 232 1871; x_wconf 86' lang='grc' dir='ltr'>ὄντα</span> <span class='ocrx_word' id='word_1_122' title='bbox 247 1806 304 1871; x_wconf 81' lang='grc' dir='ltr'>σὺν</span> <span class='ocrx_word' id='word_1_123' title='bbox 322 1808 431 1872; x_wconf 84' lang='grc' dir='ltr'>ἀλλοις</span> <span class='ocrx_word' id='word_1_124' title='bbox 447 1803 498 1892; x_wconf 80' lang='grc' dir='ltr'>θ’.)</span> 
     </span>
    </p>
   </div>
   <div class='ocr_carea' id='block_1_5' title="bbox 157 1934 1310 2541">
    <p class='ocr_par' dir='ltr' id='par_1_7' title="bbox 157 1934 1310 2541">
     <span class='ocr_line' id='line_1_15' title="bbox 203 1934 1310 2023; baseline 0.003 -23"><span class='ocrx_word' id='word_1_125' title='bbox 203 1946 280 2001; x_wconf 82' lang='grc'>349.</span> <span class='ocrx_word' id='word_1_126' title='bbox 303 1935 390 2001; x_wconf 77' lang='lat' dir='ltr'>Plut.</span> <span class='ocrx_word' id='word_1_127' title='bbox 409 1935 485 2000; x_wconf 74' lang='lat' dir='ltr'><em>Nic.</em></span> <span class='ocrx_word' id='word_1_128' title='bbox 501 1949 539 2017; x_wconf 85' lang='lat'>5:</span> <span class='ocrx_word' id='word_1_129' title='bbox 564 1935 623 1999; x_wconf 79' lang='grc' dir='ltr'>Καὶ</span> <span class='ocrx_word' id='word_1_130' title='bbox 646 1935 663 1999; x_wconf 91' lang='lat'>6</span> <span class='ocrx_word' id='word_1_131' title='bbox 683 1934 819 2015; x_wconf 87' lang='grc' dir='ltr'>μάλιστα</span> <span class='ocrx_word' id='word_1_132' title='bbox 832 1940 924 2000; x_wconf 82' lang='grc' dir='ltr'>ταῦτα</span> <span class='ocrx_word' id='word_1_133' title='bbox 940 1942 1157 2023; x_wconf 74' lang='grc' dir='ltr'>συντραγῳδῶν</span> <span class='ocrx_word' id='word_1_134' title='bbox 1171 1934 1220 2001; x_wconf 80' lang='grc' dir='ltr'>καί</span> <span class='ocrx_word' id='word_1_135' title='bbox 1236 1964 1310 2020; x_wconf 92' lang='grc' dir='ltr'>συμ-</span> 
     </span>
     <span class='ocr_line' id='line_1_16' title="bbox 159 2036 1309 2125; baseline 0.006 -23"><span class='ocrx_word' id='word_1_136' title='bbox 159 2038 320 2120; x_wconf 82' lang='grc' dir='ltr'>περιτιθεὶς</span> <span class='ocrx_word' id='word_1_137' title='bbox 335 2042 426 2122; x_wconf 90' lang='grc' dir='ltr'>όγκον</span> <span class='ocrx_word' id='word_1_138' title='bbox 442 2037 520 2125; x_wconf 75' lang='grc' dir='ltr'>αὐτῷ</span> <span class='ocrx_word' id='word_1_139' title='bbox 531 2036 579 2102; x_wconf 82' lang='grc' dir='ltr'>καὶ</span> <span class='ocrx_word' id='word_1_140' title='bbox 594 2036 686 2117; x_wconf 84' lang='grc' dir='ltr'>δόξαν</span> <span class='ocrx_word' id='word_1_141' title='bbox 700 2038 801 2122; x_wconf 89' lang='grc' dir='ltr'>Ἱέρων</span> <span class='ocrx_word' id='word_1_142' title='bbox 816 2037 863 2118; x_wconf 85' lang='grc' dir='ltr'>ήυ,</span> <span class='ocrx_word' id='word_1_143' title='bbox 878 2039 955 2122; x_wconf 74' lang='grc' dir='ltr'>ἀνὴρ</span> <span class='ocrx_word' id='word_1_144' title='bbox 975 2042 1176 2123; x_wconf 87' lang='grc' dir='ltr'>τεθραμμένος</span> <span class='ocrx_word' id='word_1_145' title='bbox 1192 2039 1242 2106; x_wconf 82' lang='grc' dir='ltr'>ἐπί</span> <span class='ocrx_word' id='word_1_146' title='bbox 1256 2045 1309 2121; x_wconf 80' lang='grc' dir='ltr'>τῆς</span> 
     </span>
     <span class='ocr_line' id='line_1_17' title="bbox 159 2141 1309 2226; baseline 0.003 -20"><span class='ocrx_word' id='word_1_147' title='bbox 159 2145 254 2211; x_wconf 77' lang='grc' dir='ltr'>οἰκίας</span> <span class='ocrx_word' id='word_1_148' title='bbox 275 2149 328 2207; x_wconf 81' lang='grc' dir='ltr'>τοῦ</span> <span class='ocrx_word' id='word_1_149' title='bbox 355 2143 463 2207; x_wconf 90' lang='grc' dir='ltr'>Νικίου</span> <span class='ocrx_word' id='word_1_150' title='bbox 485 2143 554 2224; x_wconf 90' lang='grc' dir='ltr'>περί</span> <span class='ocrx_word' id='word_1_151' title='bbox 574 2168 607 2207; x_wconf 88' lang='grc' dir='ltr'>τε</span> <span class='ocrx_word' id='word_1_152' title='bbox 628 2141 788 2226; x_wconf 90' lang='grc' dir='ltr'>γράμματα</span> <span class='ocrx_word' id='word_1_153' title='bbox 809 2144 857 2207; x_wconf 84' lang='grc' dir='ltr'>καὶ</span> <span class='ocrx_word' id='word_1_154' title='bbox 874 2142 1023 2223; x_wconf 77' lang='grc' dir='ltr'>μουσικήν</span> <span class='ocrx_word' id='word_1_155' title='bbox 1043 2143 1244 2225; x_wconf 72' lang='grc' dir='ltr'>ἐξησκημένος</span> <span class='ocrx_word' id='word_1_156' title='bbox 1259 2144 1309 2210; x_wconf 80' lang='grc' dir='ltr'>ὑπ’</span> 
     </span>
     <span class='ocr_line' id='line_1_18' title="bbox 158 2246 1309 2333; baseline 0 -20"><span class='ocrx_word' id='word_1_157' title='bbox 158 2249 257 2326; x_wconf 74' lang='grc' dir='ltr'>αὐτοῦ,</span> <span class='ocrx_word' id='word_1_158' title='bbox 273 2248 531 2331; x_wconf 88' lang='grc' dir='ltr'>προσποιούμενος</span> <span class='ocrx_word' id='word_1_159' title='bbox 549 2246 575 2312; x_wconf 85' lang='grc' dir='ltr'>δ’</span> <span class='ocrx_word' id='word_1_160' title='bbox 589 2248 654 2313; x_wconf 89' lang='grc' dir='ltr'>υίδς</span> <span class='ocrx_word' id='word_1_161' title='bbox 674 2247 751 2311; x_wconf 88' lang='grc' dir='ltr'>εἶναι</span> <span class='ocrx_word' id='word_1_162' title='bbox 772 2247 934 2311; x_wconf 86' lang='grc' dir='ltr'>Διονυσίου</span> <span class='ocrx_word' id='word_1_163' title='bbox 949 2253 1002 2312; x_wconf 81' lang='grc' dir='ltr'>τοῦ</span> <span class='ocrx_word' id='word_1_164' title='bbox 1015 2252 1139 2312; x_wconf 85' lang='grc' dir='ltr'>Χαλκοῦ</span> <span class='ocrx_word' id='word_1_165' title='bbox 1155 2274 1309 2333; x_wconf 91' lang='grc' dir='ltr'>προσαγο-</span> 
     </span>
     <span class='ocr_line' id='line_1_19' title="bbox 158 2349 1309 2435; baseline 0.003 -19"><span class='ocrx_word' id='word_1_166' title='bbox 158 2353 323 2435; x_wconf 90' lang='grc' dir='ltr'>ρευθέντος,</span> <span class='ocrx_word' id='word_1_167' title='bbox 337 2349 372 2417; x_wconf 85' lang='grc' dir='ltr'>οὗ</span> <span class='ocrx_word' id='word_1_168' title='bbox 397 2356 446 2417; x_wconf 80' lang='grc' dir='ltr'>καὶ</span> <span class='ocrx_word' id='word_1_169' title='bbox 469 2350 621 2432; x_wconf 92' lang='grc' dir='ltr'>ποιήματα</span> <span class='ocrx_word' id='word_1_170' title='bbox 646 2350 782 2429; x_wconf 81' lang='grc' dir='ltr'>σάζεται,</span> <span class='ocrx_word' id='word_1_171' title='bbox 799 2352 848 2415; x_wconf 84' lang='grc' dir='ltr'>καὶ</span> <span class='ocrx_word' id='word_1_172' title='bbox 872 2354 924 2430; x_wconf 81' lang='grc' dir='ltr'>τῆς</span> <span class='ocrx_word' id='word_1_173' title='bbox 948 2352 992 2418; x_wconf 86' lang='grc' dir='ltr'>είς</span> <span class='ocrx_word' id='word_1_174' title='bbox 1015 2349 1148 2416; x_wconf 83' lang='grc' dir='ltr'>Ἰταλίαν</span> <span class='ocrx_word' id='word_1_175' title='bbox 1171 2354 1309 2421; x_wconf 76' lang='grc' dir='ltr'>ἀποικίας</span> 
     </span>
     <span class='ocr_line' id='line_1_20' title="bbox 157 2456 744 2541; baseline -0.009 -18"><span class='ocrx_word' id='word_1_176' title='bbox 157 2457 277 2541; x_wconf 78' lang='grc' dir='ltr'>ήγεμδν</span> <span class='ocrx_word' id='word_1_177' title='bbox 293 2458 453 2541; x_wconf 88' lang='grc' dir='ltr'>γενόμενος</span> <span class='ocrx_word' id='word_1_178' title='bbox 472 2456 572 2521; x_wconf 87' lang='grc' dir='ltr'>ἐκτισε</span> <span class='ocrx_word' id='word_1_179' title='bbox 589 2456 744 2540; x_wconf 90' lang='grc' dir='ltr'>Θουρίους.</span> 
     </span>
    </p>
   </div>
   <div class='ocr_carea' id='block_1_6' title="bbox 158 2582 1309 2773">
    <p class='ocr_par' dir='ltr' id='par_1_8' title="bbox 158 2582 1309 2773">
     <span class='ocr_line' id='line_1_21' title="bbox 201 2582 1309 2673; baseline 0.002 -21"><span class='ocrx_word' id='word_1_180' title='bbox 201 2597 278 2652; x_wconf 77' lang='grc'>350.</span> <span class='ocrx_word' id='word_1_181' title='bbox 301 2585 390 2650; x_wconf 77' lang='grc' dir='ltr'>Ρέατ.</span> <span class='ocrx_word' id='word_1_182' title='bbox 402 2585 517 2650; x_wconf 79' lang='lat' dir='ltr'><strong><em>Praec.</em></strong></span> <span class='ocrx_word' id='word_1_183' title='bbox 528 2607 594 2670; x_wconf 78' lang='grc' dir='ltr'>ρον.</span> <span class='ocrx_word' id='word_1_184' title='bbox 605 2583 688 2669; x_wconf 77' lang='lat' dir='ltr'><em>reip.</em></span> <span class='ocrx_word' id='word_1_185' title='bbox 698 2606 755 2649; x_wconf 86' lang='lat' dir='ltr'>xv.</span> <span class='ocrx_word' id='word_1_186' title='bbox 769 2585 808 2648; x_wconf 90' lang='lat'>18</span> <span class='ocrx_word' id='word_1_187' title='bbox 823 2584 913 2672; x_wconf 70' lang='lat' dir='ltr'><em>(Em.</em></span> <span class='ocrx_word' id='word_1_188' title='bbox 926 2584 988 2652; x_wconf 79' lang='lat'>812</span> <span class='ocrx_word' id='word_1_189' title='bbox 999 2582 1062 2673; x_wconf 90' lang='lat' dir='ltr'>D):</span> <span class='ocrx_word' id='word_1_190' title='bbox 1084 2584 1142 2653; x_wconf 80' lang='grc' dir='ltr'>Ὡς</span> <span class='ocrx_word' id='word_1_191' title='bbox 1156 2590 1309 2668; x_wconf 81' lang='grc' dir='ltr'>Περικλῆς</span> 
     </span>
     <span class='ocr_line' id='line_1_22' title="bbox 158 2686 937 2773; baseline -0.003 -19"><span class='ocrx_word' id='word_1_192' title='bbox 158 2739 165 2754; x_wconf 96' lang='grc'>.</span> <span class='ocrx_word' id='word_1_193' title='bbox 182 2739 190 2754; x_wconf 94' lang='grc'>.</span> <span class='ocrx_word' id='word_1_194' title='bbox 207 2740 214 2756; x_wconf 96' lang='grc'>.</span> <span class='ocrx_word' id='word_1_195' title='bbox 230 2691 385 2772; x_wconf 87' lang='grc' dir='ltr'>Λάμπωνα</span> <span class='ocrx_word' id='word_1_196' title='bbox 399 2694 432 2756; x_wconf 80' lang='grc' dir='ltr'>δέ</span> <span class='ocrx_word' id='word_1_197' title='bbox 449 2690 587 2773; x_wconf 88' lang='grc' dir='ltr'>Θουρίων</span> <span class='ocrx_word' id='word_1_198' title='bbox 603 2688 741 2767; x_wconf 75' lang='grc' dir='ltr'>οἰκιστὴν</span> <span class='ocrx_word' id='word_1_199' title='bbox 755 2686 937 2772; x_wconf 76' lang='grc' dir='ltr'>ἐξέπεμψεν.</span> 
     </span>
    </p>
   </div>
   <div class='ocr_carea' id='block_1_7' title="bbox 153 2817 1307 3760">
    <p class='ocr_par' dir='ltr' id='par_1_9' title="bbox 154 2817 1307 3318">
     <span class='ocr_line' id='line_1_23' title="bbox 199 2817 1307 2900; baseline 0 -16"><span class='ocrx_word' id='word_1_200' title='bbox 199 2830 270 2885; x_wconf 76' lang='lat'><strong>351.</strong></span> <span class='ocrx_word' id='word_1_201' title='bbox 295 2818 435 2884; x_wconf 79' lang='lat' dir='ltr'><strong>Suidas:</strong></span> <span class='ocrx_word' id='word_1_202' title='bbox 458 2819 705 2899; x_wconf 90' lang='grc' dir='ltr'>Θουριομάντεις·</span> <span class='ocrx_word' id='word_1_203' title='bbox 722 2866 730 2881; x_wconf 89' lang='grc'>.</span> <span class='ocrx_word' id='word_1_204' title='bbox 747 2867 754 2880; x_wconf 95' lang='grc'>.</span> <span class='ocrx_word' id='word_1_205' title='bbox 772 2867 779 2882; x_wconf 93' lang='grc'>.</span> <span class='ocrx_word' id='word_1_206' title='bbox 797 2817 1033 2900; x_wconf 87' lang='grc' dir='ltr'>Θουριομάντεις</span> <span class='ocrx_word' id='word_1_207' title='bbox 1049 2823 1081 2885; x_wconf 78' lang='grc' dir='ltr'>δέ</span> <span class='ocrx_word' id='word_1_208' title='bbox 1100 2822 1135 2883; x_wconf 85' lang='grc' dir='ltr'>ού</span> <span class='ocrx_word' id='word_1_209' title='bbox 1158 2819 1226 2886; x_wconf 81' lang='grc' dir='ltr'>τοὺς</span> <span class='ocrx_word' id='word_1_210' title='bbox 1247 2821 1307 2884; x_wconf 87' lang='grc' dir='ltr'>ἀπδ</span> 
     </span>
     <span class='ocr_line' id='line_1_24' title="bbox 157 2921 1307 3008; baseline -0.001 -20"><span class='ocrx_word' id='word_1_211' title='bbox 157 2924 286 3008; x_wconf 89' lang='grc' dir='ltr'>Θουρίου</span> <span class='ocrx_word' id='word_1_212' title='bbox 303 2923 433 3003; x_wconf 90' lang='grc' dir='ltr'>μάντεις,</span> <span class='ocrx_word' id='word_1_213' title='bbox 450 2924 534 2986; x_wconf 77' lang='grc' dir='ltr'>ἀλλὰ</span> <span class='ocrx_word' id='word_1_214' title='bbox 555 2922 623 2990; x_wconf 85' lang='grc' dir='ltr'>τοὺς</span> <span class='ocrx_word' id='word_1_215' title='bbox 646 2924 688 2988; x_wconf 80' lang='grc' dir='ltr'>είς</span> <span class='ocrx_word' id='word_1_216' title='bbox 712 2922 844 3005; x_wconf 92' lang='grc' dir='ltr'>Θούριον</span> <span class='ocrx_word' id='word_1_217' title='bbox 859 2921 1059 3005; x_wconf 82' lang='grc' dir='ltr'>πεμφθέντας.</span> <span class='ocrx_word' id='word_1_218' title='bbox 1099 2923 1234 3003; x_wconf 78' lang='grc' dir='ltr'>ἀλούσης</span> <span class='ocrx_word' id='word_1_219' title='bbox 1248 2923 1307 3006; x_wconf 81' lang='grc' dir='ltr'>γάρ</span> 
     </span>
     <span class='ocr_line' id='line_1_25' title="bbox 156 3024 1306 3111; baseline 0.002 -21"><span class='ocrx_word' id='word_1_220' title='bbox 156 3028 316 3111; x_wconf 82' lang='grc' dir='ltr'>Συβάρεως</span> <span class='ocrx_word' id='word_1_221' title='bbox 337 3028 463 3109; x_wconf 90' lang='grc' dir='ltr'>Θούριοι</span> <span class='ocrx_word' id='word_1_222' title='bbox 485 3024 658 3105; x_wconf 80' lang='grc' dir='ltr'>ἐκλήθησαν</span> <span class='ocrx_word' id='word_1_223' title='bbox 681 3027 740 3089; x_wconf 89' lang='grc' dir='ltr'>ἀπδ</span> <span class='ocrx_word' id='word_1_224' title='bbox 760 3024 866 3107; x_wconf 88' lang='grc' dir='ltr'>κρήνης</span> <span class='ocrx_word' id='word_1_225' title='bbox 888 3028 1029 3110; x_wconf 90' lang='grc' dir='ltr'>Θουρίας.</span> <span class='ocrx_word' id='word_1_226' title='bbox 1074 3024 1251 3109; x_wconf 76' lang='grc' dir='ltr'>ἐξέπεμψαν</span> <span class='ocrx_word' id='word_1_227' title='bbox 1273 3030 1306 3092; x_wconf 75' lang='grc' dir='ltr'>δὲ</span> 
     </span>
     <span class='ocr_line' id='line_1_26' title="bbox 155 3129 1306 3212; baseline 0 -16"><span class='ocrx_word' id='word_1_228' title='bbox 155 3135 197 3198; x_wconf 81' lang='grc' dir='ltr'>εἰς</span> <span class='ocrx_word' id='word_1_229' title='bbox 221 3130 276 3212; x_wconf 84' lang='grc' dir='ltr'>τήν</span> <span class='ocrx_word' id='word_1_230' title='bbox 298 3132 396 3195; x_wconf 88' lang='grc' dir='ltr'>κτίσιν</span> <span class='ocrx_word' id='word_1_231' title='bbox 418 3131 516 3196; x_wconf 79' lang='grc' dir='ltr'>αὐτῶν</span> <span class='ocrx_word' id='word_1_232' title='bbox 531 3129 687 3210; x_wconf 80' lang='grc' dir='ltr'>Ἀθηναῖοι</span> <span class='ocrx_word' id='word_1_233' title='bbox 709 3129 780 3193; x_wconf 92' lang='grc' dir='ltr'>δέκα</span> <span class='ocrx_word' id='word_1_234' title='bbox 804 3130 921 3211; x_wconf 85' lang='grc' dir='ltr'>ἀνδρας,</span> <span class='ocrx_word' id='word_1_235' title='bbox 937 3133 979 3196; x_wconf 78' lang='grc' dir='ltr'>ὧν</span> <span class='ocrx_word' id='word_1_236' title='bbox 1001 3131 1050 3196; x_wconf 78' lang='grc' dir='ltr'>καί</span> <span class='ocrx_word' id='word_1_237' title='bbox 1072 3129 1207 3212; x_wconf 87' lang='grc' dir='ltr'>Λάμπων</span> <span class='ocrx_word' id='word_1_238' title='bbox 1230 3130 1266 3211; x_wconf 88' lang='grc' dir='ltr'>ήν</span> <span class='ocrx_word' id='word_1_239' title='bbox 1289 3132 1306 3196; x_wconf 97' lang='lat'>6</span> 
     </span>
     <span class='ocr_line' id='line_1_27' title="bbox 154 3233 1010 3318; baseline -0.006 -17"><span class='ocrx_word' id='word_1_240' title='bbox 154 3237 269 3315; x_wconf 87' lang='grc' dir='ltr'>μάντις,</span> <span class='ocrx_word' id='word_1_241' title='bbox 286 3234 431 3318; x_wconf 83' lang='grc' dir='ltr'>ἐξηγητὴς</span> <span class='ocrx_word' id='word_1_242' title='bbox 447 3235 592 3314; x_wconf 87' lang='grc' dir='ltr'>ἐσόμενος</span> <span class='ocrx_word' id='word_1_243' title='bbox 606 3237 660 3314; x_wconf 76' lang='grc' dir='ltr'>τῆς</span> <span class='ocrx_word' id='word_1_244' title='bbox 675 3233 799 3301; x_wconf 90' lang='grc' dir='ltr'>κτίσεως</span> <span class='ocrx_word' id='word_1_245' title='bbox 817 3236 868 3312; x_wconf 78' lang='grc' dir='ltr'>τῆς</span> <span class='ocrx_word' id='word_1_246' title='bbox 883 3235 1010 3302; x_wconf 87' lang='grc' dir='ltr'>πόλεως.</span> 
     </span>
    </p>

    <p class='ocr_par' dir='ltr' id='par_1_10' title="bbox 153 3361 1305 3760">
     <span class='ocr_line' id='line_1_28' title="bbox 198 3361 1305 3447; baseline 0.002 -18"><span class='ocrx_word' id='word_1_247' title='bbox 198 3375 274 3430; x_wconf 78' lang='lat'><strong>352.</strong></span> <span class='ocrx_word' id='word_1_248' title='bbox 297 3362 453 3427; x_wconf 79' lang='lat' dir='ltr'>Photius:</span> <span class='ocrx_word' id='word_1_249' title='bbox 479 3361 722 3445; x_wconf 80' lang='grc' dir='ltr'>Θουριομάντεις</span> <span class='ocrx_word' id='word_1_250' title='bbox 746 3361 816 3429; x_wconf 79' lang='grc' dir='ltr'>τοὺς</span> <span class='ocrx_word' id='word_1_251' title='bbox 839 3364 907 3445; x_wconf 83' lang='grc' dir='ltr'>περὶ</span> <span class='ocrx_word' id='word_1_252' title='bbox 926 3362 1089 3444; x_wconf 88' lang='grc' dir='ltr'>Λάμπωνα·</span> <span class='ocrx_word' id='word_1_253' title='bbox 1113 3361 1168 3443; x_wconf 81' lang='grc' dir='ltr'>τήν</span> <span class='ocrx_word' id='word_1_254' title='bbox 1187 3364 1247 3447; x_wconf 86' lang='grc' dir='ltr'>γδρ</span> <span class='ocrx_word' id='word_1_255' title='bbox 1261 3365 1305 3431; x_wconf 78' lang='grc' dir='ltr'>εἰς</span> 
     </span>
     <span class='ocr_line' id='line_1_29' title="bbox 156 3464 1304 3551; baseline 0 -20"><span class='ocrx_word' id='word_1_256' title='bbox 156 3468 291 3549; x_wconf 88' lang='grc' dir='ltr'>Σύβαριν</span> <span class='ocrx_word' id='word_1_257' title='bbox 306 3468 448 3531; x_wconf 89' lang='grc' dir='ltr'>ἀποικίαν</span> <span class='ocrx_word' id='word_1_258' title='bbox 467 3468 495 3529; x_wconf 86' lang='grc' dir='ltr'>οί</span> <span class='ocrx_word' id='word_1_259' title='bbox 513 3469 569 3547; x_wconf 81' lang='grc' dir='ltr'>μέν</span> <span class='ocrx_word' id='word_1_260' title='bbox 584 3464 732 3546; x_wconf 92' lang='grc' dir='ltr'>Λάμπωνι</span> <span class='ocrx_word' id='word_1_261' title='bbox 750 3465 955 3530; x_wconf 85' lang='grc' dir='ltr'>ἀνατιθέασιν·</span> <span class='ocrx_word' id='word_1_262' title='bbox 976 3469 1005 3530; x_wconf 86' lang='grc' dir='ltr'>οί</span> <span class='ocrx_word' id='word_1_263' title='bbox 1021 3469 1054 3531; x_wconf 79' lang='grc' dir='ltr'>δὲ</span> <span class='ocrx_word' id='word_1_264' title='bbox 1070 3468 1250 3551; x_wconf 73' lang='grc' dir='ltr'>Ξενοκρίτην·</span> <span class='ocrx_word' id='word_1_265' title='bbox 1273 3467 1304 3531; x_wconf 79' lang='grc' dir='ltr'>οἰ</span> 
     </span>
     <span class='ocr_line' id='line_1_30' title="bbox 153 3567 1303 3656; baseline 0.001 -20"><span class='ocrx_word' id='word_1_266' title='bbox 153 3573 187 3636; x_wconf 77' lang='grc' dir='ltr'>δὲ</span> <span class='ocrx_word' id='word_1_267' title='bbox 213 3574 254 3656; x_wconf 73' lang='grc' dir='ltr'>τῷ</span> <span class='ocrx_word' id='word_1_268' title='bbox 284 3575 435 3635; x_wconf 85' lang='grc' dir='ltr'>Χαλκιδεῖ</span> <span class='ocrx_word' id='word_1_269' title='bbox 466 3569 628 3655; x_wconf 85' lang='grc' dir='ltr'>Διονυσίιρ·</span> <span class='ocrx_word' id='word_1_270' title='bbox 662 3571 692 3632; x_wconf 79' lang='grc' dir='ltr'>οἱ</span> <span class='ocrx_word' id='word_1_271' title='bbox 721 3573 754 3635; x_wconf 76' lang='grc' dir='ltr'>δὲ</span> <span class='ocrx_word' id='word_1_272' title='bbox 782 3567 951 3650; x_wconf 77' lang='grc' dir='ltr'>Καθάριοι1</span> <span class='ocrx_word' id='word_1_273' title='bbox 978 3571 1020 3656; x_wconf 80' lang='grc' dir='ltr'>τῷ</span> <span class='ocrx_word' id='word_1_274' title='bbox 1051 3569 1181 3649; x_wconf 88' lang='grc' dir='ltr'>Λάκωνι,</span> <span class='ocrx_word' id='word_1_275' title='bbox 1212 3571 1241 3635; x_wconf 82' lang='grc' dir='ltr'>οἱ</span> <span class='ocrx_word' id='word_1_276' title='bbox 1271 3573 1303 3637; x_wconf 74' lang='grc' dir='ltr'>δέ</span> 
     </span>
     <span class='ocr_line' id='line_1_31' title="bbox 155 3671 503 3760; baseline -0.003 -21"><span class='ocrx_word' id='word_1_277' title='bbox 155 3674 327 3760; x_wconf 80' lang='grc' dir='ltr'>Πληξίππφ</span> <span class='ocrx_word' id='word_1_278' title='bbox 345 3671 503 3758; x_wconf 75' lang='grc' dir='ltr'>’Λθηναίιρ</span> 
     </span>
    </p>
   </div>
   <div class='ocr_carea' id='block_1_8' title="bbox 196 3799 1301 3992">
    <p class='ocr_par' dir='ltr' id='par_1_11' title="bbox 196 3799 1301 3992">
     <span class='ocr_line' id='line_1_32' title="bbox 196 3799 1160 3887; baseline -0.004 -18"><span class='ocrx_word' id='word_1_279' title='bbox 196 3815 271 3869; x_wconf 81' lang='grc'>353.</span> <span class='ocrx_word' id='word_1_280' title='bbox 295 3801 379 3867; x_wconf 81' lang='lat' dir='ltr'><strong>Ooin</strong></span> <span class='ocrx_word' id='word_1_281' title='bbox 394 3802 432 3867; x_wconf 89' lang='lat' dir='ltr'>of</span> <span class='ocrx_word' id='word_1_282' title='bbox 445 3801 593 3887; x_wconf 81' lang='lat' dir='ltr'><strong>Sybaris,</strong></span> <span class='ocrx_word' id='word_1_283' title='bbox 608 3801 694 3867; x_wconf 78' lang='lat' dir='ltr'><strong>after</strong></span> <span class='ocrx_word' id='word_1_284' title='bbox 707 3801 765 3866; x_wconf 80' lang='lat' dir='ltr'>the</span> <span class='ocrx_word' id='word_1_285' title='bbox 780 3799 946 3866; x_wconf 78' lang='lat' dir='ltr'><strong>Athenian</strong></span> <span class='ocrx_word' id='word_1_286' title='bbox 960 3800 1160 3866; x_wconf 75' lang='lat' dir='ltr'><strong>settlement.</strong></span> 
     </span>
     <span class='ocr_line' id='line_1_33' title="bbox 197 3903 1301 3992; baseline -0.005 -19"><span class='ocrx_word' id='word_1_287' title='bbox 197 3907 272 3973; x_wconf 76' lang='lat' dir='ltr'><strong><em>obv.</em></strong></span> <span class='ocrx_word' id='word_1_288' title='bbox 295 3905 393 3971; x_wconf 80' lang='lat' dir='ltr'><strong>Head</strong></span> <span class='ocrx_word' id='word_1_289' title='bbox 416 3905 452 3971; x_wconf 88' lang='lat' dir='ltr'>of</span> <span class='ocrx_word' id='word_1_290' title='bbox 473 3906 607 3971; x_wconf 76' lang='lat' dir='ltr'><strong>Athena</strong></span> <span class='ocrx_word' id='word_1_291' title='bbox 631 3912 667 3971; x_wconf 80' lang='lat' dir='ltr'>to</span> <span class='ocrx_word' id='word_1_292' title='bbox 689 3905 781 3992; x_wconf 80' lang='lat' dir='ltr'>right</span> <span class='ocrx_word' id='word_1_293' title='bbox 804 3905 842 3970; x_wconf 86' lang='lat' dir='ltr'>in</span> <span class='ocrx_word' id='word_1_294' title='bbox 867 3904 999 3985; x_wconf 79' lang='lat' dir='ltr'>helmet,</span> <span class='ocrx_word' id='word_1_295' title='bbox 1022 3905 1196 3972; x_wconf 75' lang='lat' dir='ltr'><strong>decorated</strong></span> <span class='ocrx_word' id='word_1_296' title='bbox 1218 3903 1301 3970; x_wconf 76' lang='lat' dir='ltr'><strong>with</strong></span> 
     </span>
    </p>
   </div>
   <div class='ocr_carea' id='block_1_9' title="bbox 152 4010 1220 4200">
    <p class='ocr_par' dir='ltr' id='par_1_12' title="bbox 152 4010 1220 4200">
     <span class='ocr_line' id='line_1_34' title="bbox 152 4010 395 4078; baseline 0 -2"><span class='ocrx_word' id='word_1_297' title='bbox 152 4010 395 4078; x_wconf 78' lang='lat' dir='ltr'><strong>olive-wreath.</strong></span> 
     </span>
     <span class='ocr_line' id='line_1_35' title="bbox 195 4111 1220 4200; baseline -0.002 -19"><span class='ocrx_word' id='word_1_298' title='bbox 195 4114 272 4181; x_wconf 79' lang='lat' dir='ltr'>Rev·</span> <span class='ocrx_word' id='word_1_299' title='bbox 298 4121 438 4190; x_wconf 75' lang='grc' dir='ltr'>ΣΥΒΛΡΙ</span> <span class='ocrx_word' id='word_1_300' title='bbox 460 4113 539 4178; x_wconf 90' lang='grc' dir='ltr'>Βα11</span> <span class='ocrx_word' id='word_1_301' title='bbox 554 4113 710 4199; x_wconf 71' lang='lat' dir='ltr'><strong>standing</strong></span> <span class='ocrx_word' id='word_1_302' title='bbox 723 4120 758 4180; x_wconf 81' lang='lat' dir='ltr'>to</span> <span class='ocrx_word' id='word_1_303' title='bbox 773 4112 872 4200; x_wconf 77' lang='lat' dir='ltr'><strong>right,</strong></span> <span class='ocrx_word' id='word_1_304' title='bbox 887 4111 972 4179; x_wconf 74' lang='lat' dir='ltr'><strong>head</strong></span> <span class='ocrx_word' id='word_1_305' title='bbox 987 4112 1107 4178; x_wconf 74' lang='lat' dir='ltr'>turned</span> <span class='ocrx_word' id='word_1_306' title='bbox 1124 4112 1220 4179; x_wconf 63' lang='lat' dir='ltr'><strong>book.</strong></span> 
     </span>
    </p>
   </div>
   <div class='ocr_carea' id='block_1_10' title="bbox 193 4226 1298 4405">
    <p class='ocr_par' dir='ltr' id='par_1_13' title="bbox 193 4226 1298 4405">
     <span class='ocr_line' id='line_1_36' title="bbox 990 4226 1298 4317; baseline -0.006 -23"><span class='ocrx_word' id='word_1_307' title='bbox 990 4226 1024 4294; x_wconf 77' lang='grc' dir='ltr'>ιίέ</span> <span class='ocrx_word' id='word_1_308' title='bbox 1038 4232 1111 4310; x_wconf 86' lang='lat'>2·64</span> <span class='ocrx_word' id='word_1_309' title='bbox 1125 4250 1298 4317; x_wconf 74' lang='lat' dir='ltr'><strong>grammes.</strong></span> 
     </span>
     <span class='ocr_line' id='line_1_37' title="bbox 193 4316 822 4405; baseline 0.002 -24"><span class='ocrx_word' id='word_1_310' title='bbox 193 4316 280 4384; x_wconf 81' lang='lat' dir='ltr'><em>Brit.</em></span> <span class='ocrx_word' id='word_1_311' title='bbox 297 4317 600 4403; x_wconf 69' lang='lat' dir='ltr'><em>Mzw.0at.,1taly,</em></span> <span class='ocrx_word' id='word_1_312' title='bbox 617 4317 756 4404; x_wconf 81' lang='lat' dir='ltr'><strong>Sybaris</strong></span> <span class='ocrx_word' id='word_1_313' title='bbox 771 4337 822 4405; x_wconf 84' lang='lat'>31·</span> 
     </span>
    </p>
   </div>
   <div class='ocr_carea' id='block_1_11' title="bbox 573 4512 868 4579">
    <p class='ocr_par' dir='ltr' id='par_1_14' title="bbox 573 4512 868 4579">
     <span class='ocr_line' id='line_1_38' title="bbox 573 4512 868 4579; baseline 0.007 -14"><span class='ocrx_word' id='word_1_314' title='bbox 573 4512 583 4542; x_wconf 84' lang='lat'>²</span> <span class='ocrx_word' id='word_1_315' title='bbox 600 4513 725 4579; x_wconf 72' lang='grc' dir='ltr'>Καθάρνφ,</span> <span class='ocrx_word' id='word_1_316' title='bbox 736 4515 868 4567; x_wconf 72' lang='grc' dir='ltr'>ΔΙδοτίνι.</span> 
     </span>
    </p>
   </div>
   <div class='ocr_carea' id='block_1_12' title="bbox 0 0 1504 5046">
    <p class='ocr_par' dir='ltr' id='par_1_15' title="bbox 0 0 1504 5046">
     <span class='ocr_line' id='line_1_39' title="bbox 0 0 1504 5046; baseline 0 5"><span class='ocrx_word' id='word_1_317' title='bbox 0 0 1504 5046; x_wconf 95' lang='lat' dir='ltr'> </span> 
     </span>
    </p>
   </div>
  </div>
 </body>
</html>
