3000 5046
173 400 261 466 Ην]
409 389 495 450 THE
520 389 752 450 ΑΤΗΕΝΙΑΝ
776 389 1059 450 CONFEDERAC
1063 390 1095 451 Y.
1304 409 1324 468 3

170 583 276 654 Ἴωνας
291 584 339 651 καὶ
354 586 424 655 τοὺς
439 589 560 655 Αἰολεῖς
575 587 750 670 συμμάχους
772 587 963 666 ἐποιήσαντο·
990 585 1066 665 μετὰ
1083 591 1117 653 δέ
1132 593 1225 652 ταῦτα
1240 589 1324 653 ἔπει·

174 693 228 754 θον
250 691 356 760 αὐτοὺς
377 693 558 759 ἐκλιπόντας
579 691 634 771 τῆν
653 691 764 758 Ἀσίαν
784 693 827 759 είς
845 692 900 770 τῆν
920 692 1066 774 Εὗρόπην
1085 696 1324 774 μετοικισθῆναι·

173 793 402 877 ἐπηγγέλλοντο
432 799 464 861 δέ
494 800 532 861 τὰ
560 798 728 874 μηδίσαντα
753 801 813 861 τῶν
839 798 934 862 ἐθνῶν
960 796 1188 876 ἀναστήσαντες
1217 798 1327 863 δαίσειν

174 899 298 966 ἐκείνοις
324 900 380 980 τὴν
404 901 515 984 χῶραν.
570 896 618 988 (2)
644 901 775 965 καθόλου
805 902 863 984 γδρ
889 899 1035 980 μένοντας
1065 899 1171 967 αὐτοὺς
1197 901 1248 966 ἐπὶ
1273 903 1326 979 τῆς

172 1001 281 1071 Ἀσίας
295 1004 365 1072 τοὺς
378 1008 435 1087 μὲν
449 1006 612 1087 πολεμίους
633 1005 759 1087 ὁμόρους
778 1003 866 1084 ἕξειν,
882 1005 961 1068 πολὺ
976 1010 1041 1072 ταῖς
1056 1005 1220 1085 δυνάμεσιν
1234 1008 1326 1088 ὑπερ·

173 1104 308 1190 έχοντας,
331 1108 400 1177 τοὺς
421 1113 455 1175 δέ
477 1107 653 1193 συμμάχους
675 1110 764 1177 ὄντας
786 1110 977 1177 διαποντίους
1000 1109 1041 1190 μῆ
1065 1107 1250 1189 δυνήσεσθαι
1273 1111 1327 1176 τδς

173 1212 321 1292 βοηθείας
342 1212 492 1295 εὐκαίρους
510 1213 610 1279 αὐτοῖς
628 1211 826 1292 ποιήσασθαι.
864 1214 893 1277 οῖ
914 1216 947 1278 δέ
966 1215 1090 1281 Αίσλεῖς
1109 1211 1157 1278 καὶ
1178 1216 1207 1278 οί
1223 1212 1326 1282 Ἴωνες

174 1315 358 1384 άκοόσαντες
379 1322 439 1383 τῶν
462 1321 661 1401 ἐπαγγελιῶν,
683 1317 822 1400 ἔγνωσαν
845 1320 1005 1383 πείθεσθαι
1027 1324 1091 1387 τοῖς
1109 1317 1258 1396 Ἕλλησι,
1277 1315 1327 1382 καί

174 1420 433 1502 παρεσκευάζοντο
463 1427 553 1487 πλεῖν
573 1419 646 1500 ’μετ’
675 1420 773 1486 αὐτῶν
803 1422 845 1488 είς
875 1421 931 1501 τὴν
956 1422 1113 1504 Εὖρόπην.
1165 1419 1214 1510 (3)
1240 1424 1270 1486 αῖ
1299 1421 1326 1486 δ’

175 1521 331 1604 Ἀθηναῖοι
352 1524 591 1606 μετανοήσαντες
613 1527 656 1592 είς
675 1524 849 1590 τούναντίον
867 1524 961 1589 πάλιν
978 1526 1079 1606 μένειν
1093 1526 1327 1606 συνεβούλευον,

175 1627 318 1710 λέγοντες
340 1631 386 1694 ότι
411 1628 466 1694 κάν
486 1629 590 1710 μηδείς
613 1629 715 1696 αὐτοῖς
736 1634 795 1694 τῶν
817 1628 922 1694 άλλων
936 1626 1097 1708 Ἑλλήνων
1115 1630 1226 1714 βοηθῇ,
1240 1630 1328 1710 μόνοι

176 1728 334 1811 Ἀθηναῖοι
354 1739 511 1816 συγγενεῖς
532 1735 618 1800 ὄντες
634 1732 854 1814 βοηθήσουσιν·
881 1731 1101 1813 ὑπελάμβανον
1121 1735 1153 1798 δέ
1176 1734 1223 1798 ότι
1244 1725 1328 1818 κοινή

177 1835 413 1904 κατοικισθέντες
432 1839 491 1905 δπδ
511 1842 571 1903 τῶν
584 1836 745 1916 Ἐλλήνων
762 1839 792 1901 οῖ
804 1835 909 1904 Ἴωνες
930 1835 1028 1902 οὐκέτι
1048 1838 1235 1918 μητρόπολιν
1254 1835 1329 1920 ῆγή-

177 1964 283 2005 σουται
298 1944 352 2008 τδς
366 1940 504 2020 Ἀθήνας.
549 1939 598 2029 (4)
620 1942 723 2024 διόπερ
739 1939 856 2020 συνέβη
870 1943 1057 2021 μετανοῆσαι
1073 1941 1141 2011 τοὺς
1152 1939 1261 2010 Ἴωνας
1277 1942 1328 2006 καὶ

178 2047 274 2125 κρῖναι
288 2046 391 2126 μένειν
406 2046 456 2111 έπῖ
470 2049 523 2126 τῆς
538 2045 655 2113 Ἀσίας.

263 2147 407 2234 Ephesos
421 2148 574 2215 τονιαῖον
587 2147 745 2215 Ρινοιλιιι.
789 2148 891 2215 Thuo.
905 2148 928 2214 i.
949 2165 1018 2235 137.
1036 2169 1067 2235 3.

259 2369 323 2438 The
336 2369 649 2438 δαλοάοίιιιοιιίαιιο
663 2371 775 2437 ννόῖνο.
820 2370 913 2438 first
930 2371 1125 2459 Οαοιραῖριι
1139 2372 1182 2439 ιἰι
1196 2372 1250 2439 the

647 2475 851 2561 Ηεῖῖοοροιιό.

225 2631 257 2685 8.
280 2620 363 2686 Hdt.
379 2621 425 2685 ix.
445 2623 505 2686 106
522 2619 683 2709 (σθένω),
702 2640 870 2703 114-1213
893 2621 933 2688 ef.
950 2622 1009 2687 vii.
1026 2642 1078 2708 33.
1123 2623 1224 2690 Thuc.
1237 2623 1260 2688 i.
1278 2625 1329 2710 89.

223 2761 255 2815 9.
277 2748 375 2816 Diod.
392 2749 439 2815 xi.
456 2767 507 2837 37.
523 2770 563 2830 4:
585 2752 708 2816 Τούτων
723 2752 756 2816 δέ
771 2753 978 2836 πραχθέντων,
993 2752 1110 2834 συνέβη
1131 2754 1186 2832 τῆν
1207 2754 1331 2836 δύναμιν

179 2861 240 2920 τῶν
264 2853 425 2934 Ἑλλήνων
455 2859 630 2941 σχισθῆναι,
657 2857 705 2920 καὶ
735 2857 804 2921 τοὺς
833 2862 888 2936 μὲν
920 2858 1172 2935 Λακεδαιμονίους
1203 2861 1246 2926 είς
1275 2859 1331 2939 τῆν

181 2959 356 3040 Λακωνικὴν
380 2960 582 3041 ἀποπλεῦσαι,
606 2958 675 3027 τοὺς
701 2963 733 3025 δέ
757 2959 933 3040 Ἀθηναίους
958 2961 1035 3041 μετὰ
1061 2969 1121 3026 τῶν
1145 2960 1256 3028 Ἰάνων
1282 2961 1331 3028 καὶ

181 3068 242 3126 τῶν
261 3070 417 3143 νησιωτῶν
431 3062 481 3128 ἐπὶ
497 3064 617 3143 Σηστδν
632 3065 754 3146 δσῖιραι.
799 3061 846 3151 (5)
870 3063 1049 3132 Ξάνθιππος
1070 3067 1102 3130 δέ
1126 3067 1143 3130 ό
1164 3072 1332 3150 στρατηγὸς

182 3166 268 3234 εὐθὺς
287 3168 320 3231 ἐκ
342 3167 495 3232 κατάπλου
515 3171 697 3251 προσβολὰς
719 3166 756 3255 τῇ
776 3169 867 3233 πόλει
890 3170 1095 3250 ποιησόμενος
1115 3172 1181 3236 εῖλε
1202 3172 1332 3251 Σηστόν,

182 3271 231 3335 καὶ
252 3270 385 3353 φρουράν
405 3270 634 3355 ἐγκαταστήσας
654 3271 722 3340 τοὺς
740 3274 797 3352 μὲν
817 3270 994 3356 συμμάχους
1014 3275 1175 3350 ἀπέλυσεν,
1191 3274 1279 3342 αὖτδς
1298 3278 1332 3341 δὲ

180 3374 256 3454 μετὰ
271 3380 331 3440 τῶν
346 3380 480 3441 πολιτῶν
495 3376 669 3459 άνέκαμψεν
684 3377 728 3442 είς
743 3379 796 3442 τὰς
811 3374 952 3456 Ἀθήνας.

225 3514 277 3569 10.
298 3501 444 3568 Ατίεέοά.
453 3501 498 3568 iv.
509 3501 554 3592 (F.
565 3503 609 3568 H.
623 3503 659 3571 θ.
671 3526 702 3569 v.
714 3525 747 3590 p.
758 3500 792 3590 7)
804 3529 811 3568 :
827 3504 951 3584 Ἐπειδὴ
963 3503 1119 3585 ἐξήλασαν
1130 3504 1198 3575 τοδς
1209 3505 1333 3590 Πέρσας

182 3609 212 3671 οῖ
230 3605 384 3688 Ἕλληνες
406 3609 466 3693 [τῆς
479 3608 605 3686 Ἰωνίας,
622 3609 808 3675 πλεόσαντες
830 3609 932 3693 στόλιρ
949 3608 981 3689 ξ’
996 3608 1134 3694 τριη]ρῶν
1152 3612 1194 3677 εές
1212 3610 1333 3689 Σηστὸν

183 3712 212 3775 οῖ
229 3710 384 3792 Ἀθηναῖοι
401 3710 589 3794 προσέμενον
603 3716 895 3796 προσπολεμοῦντες.

277 3932 404 4000 Second
420 3933 615 4019 Οσοιρσῖριι
629 3933 743 3999 under
757 3933 967 4002 Ραιιιαιιίσο.
1013 3932 1149 4020 Kypros
1163 3934 1237 4001 ami

651 4036 855 4123 Byzantion.

226 4196 271 4251 11.
294 4185 396 4252 Thuo.
412 4185 434 4250 i.
451 4205 513 4272 943
535 4185 576 4252 ef.
594 4184 679 4253 ιδίοῖ.
699 4184 770 4253 ιν8.
785 4205 816 4265 4,
832 4201 861 4269 5.

226 4325 276 4380 12.
298 4314 398 4381 Diod.
409 4315 456 4380 xi„
468 4335 529 4395 44:
553 4314 630 4401 [Ἐπ’
646 4315 793 4399 άρχσντος
806 4314 975 4395 Ἀθήνησιν
989 4310 1204 4395 Ἀδειμάντου]
1237 4318 1333 4380 Λακε·

182 4421 331 4500 δαιμόνιοι
350 4423 385 4485 δέ
400 4419 579 4486 Παυσάνιαυ
598 4426 651 4485 τὸν
672 4423 705 4485 ἐν
721 4424 890 4486 Πλαταιαῖς
911 4417 1163 4502 στρατηγήσαντα
1185 4416 1335 4498 καταστή-

183 4548 293 4592 σαντες
307 4524 455 4610 ναόαρχον
469 4523 660 4608 προσέταξαν
675 4526 853 4606 ἐλευθεροῦν
867 4523 920 4591 τὰς
935 4521 1120 4602 Ἑλληνίδας
1135 4523 1250 4602 πόλεις,
1262 4522 1336 4587 όσαι

728 4645 750 4691 Β
767 4645 785 4693 2
