3000 5046
227 359 286 439 178
569 362 656 421 THE
679 362 911 422 ΑΤΗΕΝΙΑΝ
936 363 1041 423 CITY.
1249 372 1311 438 [οιι
1324 377 1375 426 lv.

224 558 293 623 iam
321 557 463 623 inlatum
493 556 619 622 bellum
647 579 716 623 non
748 556 850 622 ermis
879 562 1020 637 tantum,
1049 558 1106 623 sed
1137 558 1238 624 etiam
1270 559 1375 624 muris

225 661 407 728 sustinere:
441 661 552 747 siquid
584 660 627 726 ob
657 682 728 726 eam
758 682 828 725 rem
854 660 957 726 dese
985 661 1151 727 crudelius
1181 667 1374 738 statuerent,

221 765 349 852 legatos
364 787 478 830 eorum
491 765 529 829 in
543 763 606 830 hoe
619 765 740 850 pignus
752 764 894 830 Athenis
910 771 1064 831 retentos.
1095 765 1245 852 graviter·
1255 765 1374 831 deinde

223 869 367 956 castigat
395 890 460 945 eos,
488 869 575 954 quod
606 889 674 933 non
706 867 832 934 virtute
861 867 918 933 sed
947 868 1176 934 imbecillitate
1210 870 1373 935 sotiorum

223 972 408 1059 potentiam
426 977 626 1059 quaererent.
670 971 718 1037 sie
744 971 900 1037 dimissus
922 971 1029 1039 veluti
1045 972 1259 1060 triumphatis
1275 972 1374 1059 Spar·

223 1076 313 1142 tanis
328 1098 349 1141 α
362 1075 494 1141 civibus
511 1076 687 1163 excipitur.

267 1207 316 1261 13.
340 1196 411 1261 Ael
431 1197 567 1262 Ανὶςι.ε
551 1223 601 1262 υτ.
617 1224 643 1262 τ.
660 1222 686 1261 τ.
702 1197 737 1262 ii.
755 1217 787 1283 p
806 1198 866 1277 276
891 1195 1014 1276 Dind.·
1036 1194 1230 1263 Ραπαίίιὶ.
1253 1218 1285 1284 p.
1310 1216 1370 1277 241

223 1299 326 1365 Dind.
371 1299 507 1366 Plutde
523 1299 694 1386 ρίον.Αίίι.
704 1315 725 1384 5
740 1297 829 1386 (litt.
845 1301 910 1385 348
922 1299 989 1388 D);
1012 1299 1179 1386 Ιηιοαιιιίν.
1194 1320 1243 1380 14.
1287 1300 1374 1370 Plat.

226 1402 453 1488 Gor9.455D.
499 1403 677 1471 Paus.i.2.
695 1422 724 1469 2.
769 1403 885 1469 Liben.
901 1404 948 1470 lii
964 1423 1037 1491 ηρ.
1050 1420 1092 1489 35
1104 1403 1144 1469 R.
1189 1404 1374 1491 Lyemtn

222 1507 321 1572 Erat.
352 1507 404 1593 ⁶3·
448 1506 549 1574 Ιαοοτ.
580 1524 619 1593 15
642 1507 683 1573 de
701 1506 814 1572 Ροντιι.
838 1522 911 1595 307.
957 1508 1084 1574 Andoe.
1109 1529 1129 1595 3
1151 1508 1191 1573 de
1211 1507 1293 1574 Pae.
1322 1509 1372 1595 38.

223 1610 503 1678 Din.1irtDem.
520 1628 572 1697 37.
616 1611 687 1677 Aet
709 1611 788 1676 ίαν.
804 1611 894 1678 Hert.
910 1611 957 1678 iii
972 1628 1025 1691 47.

549 1859 785 1917 fortification
806 1858 847 1916 et
863 1858 1047 1919 Peiraieus.

262 1952 317 2056 ιι.
341 1991 441 2057 ινα.
455 1990 478 2056 i.
498 2010 558 2076 ,ρ
579 1989 615 2057 ii.
634 2010 683 2076 13.
699 2006 729 2074 7·

266 2096 412 2161 Aristo&
428 2117 460 2160 v.
476 2113 507 2174 4
552 2093 614 2161 See
628 2094 733 2160 above
748 2105 780 2161 ’1.

266 2226 315 2281 15.
338 2214 435 2282 Diei
445 2215 563 2295 xi.41:
586 2220 649 2280 Τοῦ
664 2215 689 2281 δ’
709 2217 864 2280 ἐνιαυσίου
877 2217 988 2301 χρόνον
1003 2215 1373 2297 διεληλυθότοςἈθήνησι

221 2320 279 2401 μέν
293 2319 330 2400 ἦν
345 2319 446 2403 ὄρχων
464 2318 679 2399 Ἀδείμαντος.
696 2367 706 2384 .
722 2367 730 2383 .
746 2320 797 2384 ἐπὶ
820 2322 853 2384 δέ
876 2320 989 2384 τούτων
1011 2323 1224 2399 Θεμιστοκλῆς
1246 2324 1296 2386 διὰ
1318 2320 1373 2400 τὴν

223 2426 411 2506 στρατηγίαν
441 2421 490 2486 καί
520 2424 680 2508 ἀγχίνοιαν
702 2424 857 2506 ἀποδοχῆς
880 2424 988 2507 έτυχεν
1017 2424 1051 2488 οὐ
1074 2427 1167 2504 μόνον
1197 2423 1279 2507 παρά
1309 2429 1372 2491 τοῖς

223 2530 372 2607 πολίταις,
388 2527 470 2592 άλλά
487 2526 533 2591 καὶ
549 2526 631 2608 παρὰ
645 2530 723 2590 πᾶσι
741 2531 805 2593 τοῖς
823 2525 969 2606 Ἕλλησι.
1017 2524 1065 2614 (2)
1087 2532 1134 2591 διὸ
1158 2525 1208 2592 καὶ
1230 2553 1372 2609 μετεωρι-

224 2632 346 2712 ζόμενος
363 2630 462 2718 ἐπίτῇ
479 2629 552 2718 δόξῃ
568 2631 646 2696 πολὺ
660 2631 797 2709 μείζοσιν
811 2633 921 2697 ἄλλοις
939 2632 1101 2711 ἐπιβολαῖς
1123 2630 1274 2715 ἐχρήσατο
1296 2637 1372 2713 πρδς

223 2734 350 2816 αὔξησιν
378 2735 539 2818 ἡγεμονίας
569 2734 748 2814 διηκούσαις
776 2735 812 2822 τῇ
844 2735 970 2815 πατρίδι.
1015 2738 1066 2800 τοῦ
1102 2734 1159 2818 γὰρ
1188 2736 1372 2816 καλουμένου

222 2844 374 2921 Πειραιῶς
389 2839 441 2903 οὐκ
457 2839 544 2905 ὄντος
559 2836 681 2917 λιμένος
703 2836 766 2901 κατ’
783 2839 915 2903 ἐκείνους
928 2842 998 2904 τοὺς
1012 2839 1146 2921 χρόνους,
1164 2836 1233 2901 ἀλλ’
1252 2840 1372 2924 ἐπινείῳ

221 2943 382 3027 χρωμένων
412 2950 472 3007 τῶν
501 2942 671 3022 Ἀθηναίων
696 2945 739 3028 τῷ
769 2942 1055 3028 προσαγορευομένῳ
1085 2945 1257 3028 Φαληρικῷ,
1280 2944 1375 3028 μικρῷ

222 3052 379 3114 παντελῶς
394 3049 469 3126 ὄντι,
485 3047 632 3122 ἐπενόησε
651 3052 704 3111 τὸν
727 3052 857 3130 Πειραιᾶ
879 3047 1111 3124 κατασκευάζειν
1133 3045 1250 3126 λιμένα,
1265 3052 1373 3130 μικρᾶς

221 3154 278 3235 μέν
301 3153 523 3232 προσδεόμενον
545 3152 738 3227 κατασκευῆς,
761 3150 924 3230 δυνάμενον
948 3154 980 3215 δέ
1002 3153 1146 3233 γενέσθαι
1167 3149 1276 3230 λιμένα
1299 3151 1373 3214 κάλ·

221 3261 331 3319 λιστον
347 3253 394 3319 καὶ
410 3254 556 3336 μέγιστον
571 3260 631 3319 τῶν
642 3258 717 3319 κατὰ
729 3255 785 3335 τὴν
799 3253 944 3318 Ἐλλάδα.
990 3251 1038 3340 (3)
1059 3253 1187 3334 ἤλπιζεν
1199 3254 1251 3319 οὖν
1265 3256 1372 3319 τούτου

222 3359 463 3442 προσγενομένου
478 3363 542 3426 τοῖς
557 3358 728 3438 Ἀθηναίοις
744 3357 929 3438 δυνήσεσθαι
941 3357 995 3437 τὴν
1010 3359 1102 3422 πόλιν
1117 3357 1372 3438 ἆντιποιήσασθαι

222 3466 276 3543 τῆς
292 3467 366 3528 κατὰ
382 3464 535 3527 θάλατταν
553 3461 726 3542 ἡγεμονίας·
741 3461 870 3545 τριήρεις
886 3466 942 3546 γὰρ
957 3462 1025 3527 τότε
1041 3463 1189 3529 πλείστας
1204 3463 1371 3542 ἐκέκτηντο,

222 3564 271 3632 καί
286 3565 336 3632 διὰ
355 3566 409 3646 τὴν
434 3567 594 3651 συνέχειαν
617 3573 677 3631 τῶν
700 3572 872 3649 ναυμαχιῶν
892 3568 1049 3648 ἐμπειρίαν
1064 3563 1111 3629 καί
1129 3564 1221 3646 δόξαν
1234 3566 1372 3648 μεγάλην

221 3677 282 3736 τῶν
297 3677 441 3737 ναυτικῶν
455 3672 580 3749 άγιίνινν
595 3671 850 3752 περιεπεποίηντο.
894 3669 943 3759 (4)
965 3676 1039 3752 πρδς
1054 3673 1088 3734 δέ
1104 3671 1220 3736 τούτοις
1234 3669 1301 3736 τοὺς
1315 3671 1371 3749 μὲν

218 3775 324 3842 Ἴωνος
341 3774 540 3855 ὑπελάμβανε
558 3773 608 3839 διὰ
628 3774 683 3853 τὴν
707 3774 889 3857 συγγένειαν
906 3774 999 3841 ίδίους
1018 3772 1108 3852 ἕξειν,
1123 3773 1192 3840 τοὺς
1208 3776 1240 3838 δέ
1255 3774 1370 3842 ἄλλους

221 3878 291 3946 τοὺς
307 3881 380 3942 κατὰ
395 3877 449 3957 τὴν
463 3875 570 3942 Ἀσίαν
584 3875 740 3956 Ἕλληνας
756 3875 793 3942 δι’
808 3878 938 3946 ἐκείνους
954 3878 1179 3959 ἐλευθερώσειν,
1195 3878 1371 3942 άτιοκλινεῖν

221 4009 255 4048 τε
277 3987 342 4048 ταῖς
366 3981 491 4048 εὐνοίαις
513 3986 586 4062 πρὸς
606 3981 675 4048 τοὺς
697 3979 874 4060 Ἀθηναίους
896 3980 946 4046 διὰ
968 3980 1022 4060 τὴν
1045 3982 1229 4063 εὐεργεσίαν,
1245 3982 1314 4047 τοὺς
1337 3984 1371 4046 δέ

221 4085 372 4164 νησιῶτος
412 4083 547 4152 ἅπαντας
581 4084 885 4168 καταπεπληγμένους
923 4090 957 4149 τὸ
991 4084 1120 4168 μέγεθος
1152 4088 1205 4163 τῆς
1235 4087 1371 4162 ναυτικῆς

221 4187 374 4268 δυνάμεως
396 4189 521 4268 ἑτοίμας
543 4187 751 4271 ταχθήσεσθαι
774 4190 931 4268 μετὰτῶν
953 4188 1123 4267 δυναμένων
1145 4184 1194 4251 καὶ
1218 4185 1371 4264 βλάπτειν

222 4288 272 4356 καὶ
294 4290 426 4372 ῶφελεῖν
448 4294 485 4355 τά
510 4290 649 4381 μέγιστα.
695 4288 709 4378 ί
709 4289 744 4379 5)
766 4291 834 4358 τοὺς
856 4295 914 4374 γδρ
936 4291 1186 4371 Λακεδαιμονίους
1209 4292 1285 4372 {epa
1301 4293 1370 4374 περὶ

219 4395 278 4474 μὶν
298 4393 352 4461 τάς
374 4395 466 4474 πεῶς
483 4393 622 4474 δυνάμεις
643 4394 676 4460 εδ
700 4394 1003 4475 κατεσκευασμένους,
1018 4394 1092 4476 πρὸς
1112 4397 1145 4460 δέ
1166 4393 1235 4460 τοὺς
1256 4397 1291 4461 ἐν
1304 4400 1370 4463 ταῖς

220 4493 329 4564 ναυσίν
349 4500 467 4590 άγῶνας
491 4497 708 4582 δφνεστάτους.
752 4495 823 4586 (42)
844 4497 925 4563 ταῦτ’
941 4498 994 4566 οὖν
1008 4496 1258 4582 διαλογισάμενος
1274 4499 1370 4580 ἔκρινε
