3000 5046
137 367 250 433 θεν-Λα]
372 357 458 417 THE
483 358 715 418 ΑΤΗΕΝΙΑΝ
739 358 1057 420 CONFEDERACK
1271 376 1288 436 7

137 553 277 633 ἐπέμφθη
308 555 486 636 στρατηγός,
513 555 588 620 κατὰ
618 555 772 620 θάλατταν
798 555 879 620 οῦπω
910 555 964 634 τὴν
994 554 1092 640 ἀρχὴν
1118 555 1288 634 Ἀθηναίων

137 657 278 740 ἑχόντων,
295 658 339 721 ἔτι
360 661 395 722 δέ
416 659 576 744 Παυσανίη
598 683 631 724 τε
654 657 702 723 καὶ
722 660 969 741 Λακεδαιμονίοις
992 658 1155 741 ἑπομένων,
1170 663 1288 740 πρῦτον

136 764 192 838 μὲν
208 761 242 826 έν
260 765 327 828 ταῖς
349 762 518 842 προνοίαις
537 763 584 827 ἀεὶ
605 767 732 847 παρεῖχε
748 760 877 851 (Κίμων)
894 763 963 832 τοὺς
984 766 1111 831 πολίτας
1131 763 1233 848 κάσμιρ
1255 788 1287 828 τε

137 863 326 942 θαυμαστοὺς
348 863 397 930 καί
421 867 570 952 προθυμίη
592 867 672 931 πολὺ
694 866 816 934 πάντων
838 868 1046 951 διαφέροντας.
1091 865 1153 934 See
1178 865 1287 932 below

137 974 200 1031 VI.
217 978 250 1032 9.

180 1106 234 1161 28.
257 1095 405 1162 Λτίυδοά.
421 1097 480 1162 vii.
494 1093 545 1183 (F.
556 1097 602 1162 H.
615 1097 651 1163 G.
663 1119 696 1163 v.
710 1121 743 1186 p.
758 1098 831 1187 10):
854 1099 909 1164 ’Ev
923 1103 956 1164 δὲ
971 1101 1065 1185 τούτῳ
1082 1101 1111 1165 οί
1123 1098 1286 1180 Ἑλλήνες,

137 1199 339 1282 ἀφιστάμενοι
352 1192 414 1266 ’άπὸ
429 1207 489 1267 τῦν
500 1205 745 1283 Λακεδαιμονίων
759 1203 808 1270 διά
823 1210 858 1268 τὸ
873 1210 985 1286 πικρῶς
1001 1209 1211 1287 τυραννεῖσθαι
1227 1205 1286 1270 ῦπδ

137 1308 189 1367 τοῦ
204 1307 391 1383 Παυσανίου,
406 1309 618 1387 προσετίθεντο
633 1312 697 1374 τοῖς
712 1306 892 1387 ’Λθηναίοις

181 1442 237 1496 24.
260 1431 360 1499 Isoor.
375 1452 414 1499 12
424 1432 573 1500 Ρατιαίίι.
586 1449 646 1518 52:
668 1435 874 1518 ’Λφελάμευοι
890 1483 897 1498 .
914 1485 921 1500 .
939 1485 947 1501 .
963 1438 1215 1517 Λακεδαιμονίους
1230 1438 1286 1518 τήν

135 1536 299 1619 ἡγεμονίαν
313 1539 342 1602 οί
358 1538 662 1622 συγκινδυνεύσαντες
677 1545 740 1607 τοῖς
754 1539 907 1625 ἡμετέροις
922 1540 1102 1623 παρέδοσαν.

180 1677 235 1731 25.
258 1664 312 1732 Id.
330 1684 348 1750 7
366 1667 487 1752 Areop.
507 1684 565 1751 17:
588 1672 629 1734 Οἱ
651 1669 787 1752 μὲνγὰρ
809 1671 908 1759 ἐκείνῃ
927 1667 975 1759 (τῇ
996 1671 1179 1756 δημοκρατίᾳ
1200 1668 1286 1757 scil.)

135 1771 294 1855 χρώμενοι,
311 1770 415 1836 πολλὰ
434 1773 483 1838 καὶ
502 1777 581 1839 καλὰ
596 1772 828 1855 διαπραξάμενοι
845 1775 894 1839 καὶ
909 1777 990 1855 παρὰ
1006 1776 1099 1839 πᾶσιν
1118 1774 1287 1856 άνθράποις

138 1874 397 1954 εὐδοκιμήσαντες,
412 1875 480 1960 παρ’
499 1877 628 1942 ἑκόντων
643 1883 701 1942 τῶν
715 1877 875 1958 Ἑλλήνων
890 1878 945 1959 τήν
959 1878 1124 1963 ἡγεμονίαν
1139 1879 1266 1959 ἔλαβον.

180 2014 235 2068 20.
258 2002 313 2069 Ιά.
336 2005 355 2067 8
375 2004 415 2070 de
434 2003 515 2070 Ραο.
532 2023 593 2089 30:
622 2004 697 2088 Παρ’
721 2007 853 2072 ἑκόντων
874 2013 934 2071 τῶν
955 2005 1116 2087 Ἐλλήνων
1138 2006 1193 2087 τήν
1215 2007 1287 2090 ήγε·

136 2110 244 2188 μανίαν
265 2110 430 2189 ἐλάβομεν.
474 2127 527 2187 42.
556 2110 584 2173 οί
610 2110 744 2192 μὲνγὰρ
768 2111 843 2191 ὑπὲρ
866 2114 925 2174 τῦν
945 2109 1106 2191 Ἑλλήνων
1128 2116 1190 2177 τοῖς
1211 2118 1287 2191 βαρ·

136 2211 246 2294 βάροις
267 2217 469 2292 πολεμοῦντες
492 2213 715 2278 διετέλεσαν..
734 2260 742 2276 .
759 2215 890 2278 κάκεῖνοι
911 2217 967 2295 μὲν
989 2217 1214 2297 ἐλευθεροῦντες
1233 2213 1287 2282 τὰς

138 2319 245 2384 πόλεις
264 2321 318 2384 τὰς
335 2315 522 2397 Ἑλληνίδας
544 2314 592 2380 καὶ
614 2320 798 2397 βοηθοῦντες
819 2318 923 2386 αὐτοῖς
945 2321 997 2396 τῆς
1015 2317 1177 2402 ἡγεμονίας
1198 2318 1288 2399 ήξιά·

138 2425 245 2499 θησαν.
291 2437 351 2505 75:
377 2426 430 2486 τδν
451 2469 459 2485 .
484 2469 492 2485 .
518 2468 526 2484 .
550 2424 645 2501 δήμου
671 2421 813 2501 εὑρήσετε
837 2469 845 2486 .
868 2470 876 2486 .
900 2471 908 2487 .
931 2419 1028 2510 (76).
1052 2471 1060 2487 .
1084 2471 1092 2487 .
1116 2426 1192 2488 οῦτω
1217 2470 1225 2487 .
1248 2470 1286 2489 ..

137 2525 355 2605 πιστευόμενον
365 2526 445 2591 ὥστε
456 2527 510 2593 τὰς
522 2525 670 2593 πλείστας
682 2525 760 2610 αὐτῷ
774 2531 834 2591 τῶν
845 2527 965 2591 πόλεων
977 2527 1104 2594 ἑκούσας
1116 2527 1287 2612 ἐγχειρίσαι

138 2634 222 2710 σφᾶς
236 2628 335 2696 αὗτάς.

181 2730 306 2797 Justin.
321 2731 356 2797 ii.
375 2747 423 2813 15.
468 2731 530 2798 See
545 2732 654 2798 below
668 2740 731 2797 VI.
749 2744 778 2800 7.

183 2944 296 3012 'Datos
309 2945 349 3031 os
357 2946 644 3013 Ommemement
659 2947 732 3012 αιιά
747 2945 922 3013 Βαναίίοοι
938 2946 976 3032 of
987 2947 1037 3013 tlte
1050 2947 1229 3014 Athenian

611 3052 814 3136 Ηοηοιτιοιιγ.

182 3208 234 3265 27.
260 3195 430 3263 Demosth.
457 3219 476 3284 9
501 3197 592 3265 Phil.
618 3199 666 3265 iii.
692 3217 749 3284 23:
785 3200 891 3265 Καίτοι
922 3199 1091 3283 προστάται
1119 3201 1175 3279 μὲν
1205 3200 1288 3279 ὑμεῖς

138 3299 334 3382 ἑβδομήκοντ’
363 3302 415 3382 ἔτη
442 3301 491 3367 καὶ
516 3304 583 3385 τρία
608 3308 668 3368 τῶν
690 3302 852 3383 Ἑλλήνων
877 3303 1029 3388 ἐγένεσθε,
1056 3302 1224 3386 προστάται
1254 3304 1288 3366 δὲ

138 3403 287 3486 τριάκονθ’
315 3408 382 3471 ένδς
408 3406 513 3471 δέοντα
537 3409 779 3488 Λακεδαίμονιοι·
801 3410 935 3492 ἴσχυσαν
961 3407 995 3472 δέ
1020 3434 1049 3472 τι
1076 3404 1123 3472 καὶ
1151 3410 1287 3490 Θηβαῖοι

138 3507 279 3573 τουτουσὶ
293 3509 362 3575 τοὺς
376 3510 565 3578 τελευταίους
586 3513 713 3595 χρόνους
727 3516 804 3594 μετὰ
818 3513 873 3592 τὴν
888 3514 921 3577 ἐν
936 3512 1096 3592 Λεύκτροις
1112 3510 1212 3593 μάχην
1228 3559 1235 3574 .
1253 3558 1261 3574 .
1278 3558 1286 3574 .

140 3627 190 3695 25.
214 3614 311 3677 καίτοι
327 3612 414 3678 πάνθ’
427 3614 475 3676 θσ’
487 3613 686 3696 ἐξημάρτηται
699 3614 747 3680 καὶ
760 3616 1007 3695 Λακεδαιμονίοις
1020 3616 1053 3680 ίν
1064 3619 1127 3681 τοῖς
1138 3612 1286 3695 τριάκοντ’

138 3718 265 3784 έκείνοις
291 3717 393 3783 έτεσιν
415 3714 463 3781 καί
485 3723 548 3785 τοῖς
569 3717 725 3802 ἡμετέροις
747 3720 907 3802 προγόνοις
929 3720 963 3783 έν
985 3724 1048 3786 τοῖς
1071 3717 1287 3799 ἑβδομήκοντα,

138 3819 273 3885 ἐλάττον’
290 3818 374 3887 ἐστὶν
390 3827 474 3885 κ.τ.λ.

182 3961 238 4015 28.
266 3948 320 4015 Id.
339 3968 359 4035 3
379 3948 430 4015 Ol.
449 3950 499 4015 iii.
522 3969 579 4030 24:
610 3950 741 4017 Ἐκεῖνοι
763 3952 865 4018 τοίνυν
883 3947 927 4038 (οἱ
948 3952 1094 4032 πρόγονοι
1115 3947 1212 4036 ήμῶν)
1230 3997 1236 4013 .
1255 3997 1287 4014 ..

139 4054 230 4121 πέντε
249 4057 306 4136 μὲν
322 4052 370 4120 καὶ
387 4053 595 4138 τετταράκοντ’
611 4057 662 4135 ἔτη
677 4062 738 4120 τῶν
752 4053 912 4135 Ἑλλήνων
927 4053 1021 4138 ήρξαν
1035 4055 1176 4131 ἑκόντων,
1190 4055 1289 4120 πλείω

138 4159 165 4223 δ’
179 4156 198 4238 ή
213 4159 303 4242 μάρια
317 4158 440 4224 τάλαντ’
458 4162 501 4227 είς
516 4159 571 4239 τὴν
586 4160 753 4241 άκράπολιν
768 4159 927 4243 άνήγαγον.

183 4298 237 4354 29.
259 4286 657 4370 Isocr.12Panath.56:
682 4292 866 4370 Σπαρτιᾶται
886 4292 941 4369 μὲν
959 4288 1017 4372 γὰρ
1038 4288 1089 4368 έτη
1108 4287 1180 4352 δέκα
1200 4288 1288 4369 μόλις
1322 4311 1328 4319 ·

140 4391 350 4472 έπεστάτησαυ
377 4392 476 4458 αῦτῦν
502 4390 575 4478 (τῶν
601 4390 746 4478 πόλεων),
771 4392 858 4472 ἡμεῖς
885 4396 918 4457 δὲ
944 4391 1034 4457 πέντε
1065 4393 1114 4456 καὶ
1143 4389 1289 4470 ἑξήκοντα

140 4501 276 4581 σννεχῦς
296 4493 484 4582 κατέσχομεν
497 4493 553 4576 τὴν
568 4495 665 4581 ἀρχήν
681 4545 689 4561 .
706 4543 714 4560 .
731 4545 738 4560 .
755 4510 808 4578 57.
830 4498 863 4560 έκ
882 4495 993 4560 τούτων
1008 4497 1108 4561 τοίνυν
1122 4495 1288 4577 άμφάτεραη
