3000 5046
518 350 604 408 THE
633 348 845 407 WESTERN
868 348 1045 407 GREEKS.
1192 357 1255 422 [Oh.
1269 360 1358 409 vm.

358 671 410 737 He
431 678 542 757 upeets
563 670 614 737 the
638 670 861 738 θονοτιιιηαηύ
882 669 920 756 os
937 669 989 735 the
1011 670 1203 737 Τλοιιςααθ.

249 821 323 875 169.
347 809 441 896 Diog.
465 811 573 876 Lam
594 810 666 876 viii.
686 811 746 873 66:
765 812 916 892 Ὕστερον
937 809 962 872 δ’
987 811 1003 871 ὁ
1024 807 1232 889 Ἐμπεδοκλῆς
1251 812 1300 874 καὶ
1322 811 1359 873 τὸ

205 923 266 980 τῶν
291 917 400 999 χιλίων
426 917 577 995 ἄθροισμα
607 916 757 980 κατέλυσε
787 915 941 980 συνεστὸς
967 910 1016 977 ἐπὶ
1044 916 1094 992 ἔτη
1120 914 1197 995 τρία,
1220 915 1299 978 ώστε
1322 915 1359 977 ού

205 1020 298 1099 μόνον
320 1018 357 1097 ῆν
380 1026 439 1084 τῶν
466 1021 632 1097 πλουσίων,
654 1021 736 1083 ἀλλὰ
761 1015 810 1081 καὶ
836 1023 896 1082 τῶν
922 1018 959 1081 τὰ
986 1021 1129 1098 δημοτικὰ
1155 1018 1357 1098 φρονούντων.

205 1125 223 1184 ὅ
249 1124 284 1205 γέ
305 1148 351 1187 τοι
373 1123 499 1201 Τίμαιος
521 1125 555 1186 ἑν
580 1125 616 1209 τῇ
644 1123 746 1208 πρώτῃ
773 1118 822 1186 καὶ
847 1120 979 1206 δευτέρη,
1005 1120 1157 1188 πολλάκις
1183 1120 1241 1203 γὰρ
1268 1122 1359 1184 αὐτοῦ

205 1227 392 1304 μνημονεύει,
415 1223 512 1307 φησὶν
539 1228 677 1291 ἐναντίαν
702 1226 824 1308 γνώμην
850 1223 1014 1309 ἐσχηκέναι
1040 1227 1129 1290 αύτδν
1155 1227 1191 1310 τῆ
1217 1226 1358 1310 πολιτεία

205 1331 380 1410 φαίνεσθαι.

272 1540 323 1606 He
344 1540 448 1606 leaves
470 1540 626 1626 Αλιυρος
648 1542 722 1606 and
742 1563 815 1626 ροσε
827 1540 956 1627 finally
977 1548 1010 1606 to
1031 1542 1281 1629 Ροίαροιιιιοοοι,

645 1644 751 1710 where
772 1644 811 1710 λα
832 1645 912 1710 θύοι.

249 1792 321 1848 170.
345 1780 442 1868 Diog.
458 1782 566 1848 Laert.
582 1782 653 1846 viii.
671 1784 731 1845 66:
755 1782 829 1846 Καθ’
849 1782 884 1847 δν
905 1786 937 1847 δὲ
954 1786 1064 1866 χρόνον
1085 1783 1222 1865 ἐπεδήμει
1242 1784 1357 1866 Ὀλυμ-

206 1888 322 1962 πίοσιν,
349 1888 538 1968 ἐπιστροφῆς
559 1885 681 1966 ἠξιοῦτο
704 1889 855 1965 πλείονος,
878 1887 958 1950 ὥστε
979 1888 1106 1966 μηδενὸς
1128 1889 1231 1970 ἑτέρου
1251 1890 1359 1969 μνείαν

206 1991 345 2070 γίνεσθαι
360 1993 392 2055 ἐν
408 1997 472 2057 ταῖς
488 1992 620 2071 ὁμιλίαις
635 1990 783 2068 τοσαύτην
799 1993 875 2068 ὅσην
889 1990 1142 2073 Ἐμπεδοκλέους.
1181 1990 1251 2078 (67)
1266 1994 1357 2057 ὕστε-

205 2120 258 2175 ρον
273 2094 373 2176 μέντοι
389 2100 441 2158 τοῦ
455 2094 661 2178 Ἀκράγαντος
673 2095 866 2175 αἰκιζομένου,
878 2096 1068 2173 ἀντέστησαν
1083 2097 1173 2161 αύτοΰ
1188 2095 1225 2183 τῆ
1239 2098 1358 2181 καθόδῳ

206 2199 236 2261 σί
258 2204 318 2261 τῶν
344 2200 462 2281 ἐχθρῶν
485 2199 640 2281 ἀπόγονοι·
686 2200 790 2280 διόπερ
817 2201 859 2264 είς
886 2201 1128 2278 Πελοπόννησον
1153 2199 1359 2291 ἀποχωρήσας

206 2302 413 2382 ἐτελεύτησεν.
458 2302 493 2365 οὐ
514 2304 630 2384 παρῆκε
652 2303 677 2368 δ’
699 2303 768 2367 οὐδὲ
794 2306 901 2366 τοῦτον
923 2304 940 2365 ό
961 2305 1074 2383 Τίμων,
1094 2302 1165 2368 ἀλλ’
1191 2304 1241 2369 ὧδ’
1266 2304 1360 2368 αὐτοῦ

206 2404 387 2469 καθάπτεται
404 2405 514 2488 λέγων·

552 2507 609 2574 Καί
631 2510 838 2593 Ἐμπεδοκλῆς
860 2513 1011 2596 ἀγοραίων

379 2612 511 2690 ληκητὴς
533 2613 638 2679 ἐτέων·
669 2616 729 2680 όσα
750 2617 775 2681 δ’
799 2618 906 2680 ἔσθενε
928 2615 1062 2680 τοσσάδε
1084 2617 1167 2681 εἶλεν

378 2717 480 2799 ἀρχῶν
502 2715 535 2784 δς
558 2717 666 2794 διέθηκ’
689 2721 785 2804 ἀρχὰς
809 2719 962 2786 ἐπιδευέας
984 2720 1098 2784 ἀλλων.

249 2853 312 2910 1⁷1.
336 2842 424 2909 Ῑδύιί.
443 2861 503 2926 71:
527 2848 654 2915 Τούτοις
677 2850 702 2913 δ’
725 2851 910 2914 ἐναντιοῦται
932 2851 1068 2927 Τίμαιος,
1087 2852 1182 2932 ῥητῶς
1202 2847 1300 2933 λέγων
1319 2850 1360 2916 ὣς

206 2946 396 3032 ἐξεχώρησεν
412 2953 454 3017 είς
471 2953 711 3033 Πελοπόννησον
732 2950 781 3017 καλ
802 2960 836 3019 τὸ
857 2954 988 3018 σύνολον
1011 2954 1064 3017 οὐκ
1085 2955 1263 3031 ἐπανῆλθεν·
1286 2954 1359 3018 ὅθεν

205 3052 295 3116 αὐτοῦ
311 3050 359 3116 καί
375 3055 430 3133 τῆν
445 3055 589 3135 τελευτὴν
604 3056 718 3133 ἀδηλον
734 3058 819 3123 εἶναι.
838 3106 844 3119 .
863 3108 870 3122 .
887 3109 894 3125 .
911 3054 983 3144 (72)
1004 3055 1065 3121 See
1081 3055 1189 3122 below
1203 3067 1275 3121 194.

593 3271 731 3336 Ρνιςοιιδ
752 3277 788 3336 at
812 3231 971 3338 Τδυιύού.

250 3406 346 3494 Diog.
363 3408 469 3475 Laert.
487 3408 559 3472 viii.
576 3428 627 3493 52.
674 3408 735 3475 See
750 3410 857 3477 above
872 3422 944 3475 164.

491 3640 559 3705 His
580 3640 750 3725 ’ἱιιβυσιιοι
771 3664 846 3707 over
867 3643 918 3708 the
939 3665 1066 3709 υιασςαι.

250 3789 319 3843 172.
351 3776 448 3863 Diog.
473 3777 580 3843 Laert.
607 3778 677 3842 viii.
707 3797 766 3864 73:
795 3779 865 3846 Ἔτι
894 3808 927 3845 τε
958 3781 1074 3848 πολλάς
1105 3789 1165 3847 τῶν
1194 3772 1381 3848 πολιτίδων

208 3882 368 3965 ἀπροίκους
394 3881 587 3964 ὑπαρχούσας
614 3884 702 3947 αὐτὸν
729 3887 884 3964 προικίσαι
907 3888 955 3950 διδ
978 3892 1030 3950 τὸν
1055 3888 1188 3969 παρόντα
1215 3891 1358 3950 πλοῦτον·

207 3991 253 4049 διδ
268 3985 304 4062 δὴ
321 3986 478 4066 πορφύραν
493 3986 518 4048 τ’
531 3988 699 4065 ἀναλαβεῖν
715 3987 804 4053 αὐτὸν
821 3987 869 4051 καί
885 3991 1033 4072 στρόφιον
1045 3991 1203 4054 ἐπιθέσθαι
1217 3994 1359 4072 χρυσοῦν,

208 4089 247 4154 ὣς
267 4092 447 4169 Φαβωρῖνος
466 4092 498 4152 ἐν
518 4089 831 4169 ἀπομνημονευμάτων
846 4093 961 4177 πρώτιρ·
986 4093 1031 4156 έτι
1047 4094 1072 4156 δ’
1088 4092 1222 4171 ἐμβάδας
1239 4098 1359 4176 χαλκᾶς

208 4190 258 4256 καὶ
287 4189 405 4272 στέμμα
436 4193 604 4273 Δελφικόν.
650 4195 724 4274 κύμη
748 4194 775 4256 τ’
796 4194 832 4275 ῆν
855 4197 932 4281 αὐτῷ
949 4201 1061 4276 βαθεῖα
1084 4195 1133 4260 καὶ
1155 4201 1259 4263 παῖδες
1285 4197 1357 4260 ἀκό-

206 4299 320 4358 λουθοι.
365 4292 414 4358 καὶ
432 4294 520 4362 αὐτὸς
541 4297 588 4360 ἀεὶ
607 4302 782 4380 σκυθρωπὸς
802 4299 851 4379 ἐφ’
870 4303 935 4366 ἑνὸς
954 4298 991 4379 ῆν
1012 4298 1176 4382 σχήματος.
1221 4303 1358 4367 τοιοῦτος

207 4397 244 4477 δὴ
269 4395 381 4484 προῄει,
406 4404 466 4463 τῶν
492 4407 625 4467 πολιτῶν
650 4404 836 4487 ἐντυχόντων
862 4400 910 4468 καί
936 4401 1015 4466 τοῦτ’
1041 4402 1236 4482 ἀξιωσάντων
1263 4405 1358 4469 οἱονεὶ

206 4503 370 4582 βασιλείας
384 4508 464 4570 τινδς
479 4504 668 4587 παράσημον.
