3000 5046
165 378 306 447 ιρι-ιτα]
415 372 508 431 HER
533 370 692 430 ALLIES
715 371 810 430 AND
837 370 1056 430 COLONIES.
1261 383 1319 446 125

167 568 235 648 περί
257 567 313 647 τήν
336 567 458 649 Κύπρον
481 567 685 646 έλαττιόματα,
703 564 751 630 καί
772 566 1017 649 βουλευσόμενος
1040 569 1115 647 μετὰ
1137 573 1198 631 τῶν
1218 569 1320 647 φίλων

166 670 236 752 περί
258 676 311 735 τοῦ
333 670 478 753 πολέμου,
501 673 598 752 ἔκρινε
622 670 789 754 συμφέρειν
811 668 933 750 εἰρήνην
956 671 1122 737 συνθέσθαι
1148 670 1223 754 πρδς
1249 670 1320 738 τοὺς

163 774 329 854 Ἕλληνας.
374 776 491 858 ἔγραψε
506 776 606 840 τοίνυν
621 777 767 856 τοῖςπερὶ
784 774 906 856 Κύπρον
925 773 1055 857 ἰργεμόσι
1078 779 1126 838 καί
1143 772 1320 856 σατράπαις,

167 876 216 960 ἐφ’
230 881 277 946 οίς
299 879 338 944 δν
359 881 502 945 δύνωνται
526 880 739 943 συλλύσασθαι
762 883 835 959 πρὸς
856 878 924 943 τοὺς
935 876 1101 955 Ἕλληνας.
1144 875 1192 965 (5)
1215 877 1320 959 διόπερ

166 985 197 1046 οῖ
223 984 291 1066 περὶ
315 990 368 1048 τδν
390 983 579 1065 Ἀρτάβαζον
604 984 653 1047 καὶ
677 981 862 1065 Μεγάβυζον
884 983 1026 1064 ἔπεμψαν
1048 984 1091 1048 εἰς
1114 985 1167 1049 τὰς
1190 980 1320 1060 Ἀθήνας

166 1087 355 1169 πρεσβευτὰς
374 1086 443 1153 τοὺς
459 1085 689 1168 διαλεξομένους
710 1087 779 1163 περί
799 1085 987 1152 συλλύσεως.
1032 1085 1267 1150 ὑπακουσάντων
1286 1091 1320 1152 δὲ

167 1198 228 1256 τῶν
245 1188 414 1269 Ἀθηναίων
436 1188 485 1257 καί
508 1191 696 1273 πεμψάντων
722 1189 871 1273 πρέσβεις
898 1188 1126 1271 αι’τοκράτορας,
1150 1191 1192 1254 ῶν
1215 1189 1319 1272 ἡγεῖτο

168 1296 306 1360 Καλλίας
333 1297 350 1360 ό
376 1293 555 1371 Ἱππονίκου,
583 1294 726 1378 ἐγένοντο
752 1297 899 1372 συνθῆκαι
925 1293 994 1376 περί
1025 1297 1077 1374 τῆς
1107 1293 1226 1375 εἰρήνης
1256 1299 1319 1361 τοῖς

167 1397 334 1478 Ἀθηναίοις
351 1399 400 1463 καὶ
415 1403 477 1465 τοῖς
490 1398 658 1482 συμμάχοις
671 1399 743 1480 πρὸς
755 1398 823 1464 τοὺς
835 1398 966 1480 Πέρσας,
982 1399 1024 1463 ῶν
1035 1395 1101 1461 έστί
1116 1398 1153 1462 τὰ
1168 1397 1320 1479 κεφάλαια

166 1507 269 1564 ταῦτα·
300 1501 480 1583 αὐτονόμους
506 1501 584 1566 εῖναι
610 1504 665 1568 τδς
688 1503 763 1566 κατὰ
789 1503 844 1582 τήν
869 1500 980 1566 Ἀσίαν
1002 1499 1184 1579 Ἑλληνίδας
1214 1503 1321 1568 πόλεις

167 1604 298 1684 άπάσας,
312 1605 380 1672 τοὺς
395 1608 428 1670 δὲ
446 1610 506 1670 τῶν
522 1610 651 1687 Περσῶν
664 1605 821 1688 σατράπας
834 1605 875 1687 μή
892 1604 1086 1686 καταβαίνειν
1100 1606 1150 1670 έπί
1167 1603 1321 1672 θάλατταν

169 1709 325 1792 κατωτέρω
346 1713 436 1793 τριῶν
453 1709 572 1794 ήμερῶν
591 1709 675 1789 όδόν,
695 1712 769 1790 μηδί
787 1713 860 1775 ναῦν
878 1711 995 1789 μακρὰν
1009 1714 1100 1774 πλεῖν
1114 1711 1199 1776 έντδς
1214 1707 1319 1788 Φασή-

168 1819 252 1880 λιδος
279 1811 328 1877 καί
355 1814 504 1879 Κυανέων·
535 1819 628 1877 ταῦτα
655 1816 687 1878 δὲ
713 1819 766 1877 τοῦ
790 1813 948 1893 βασιλέως
975 1810 1024 1879 καί
1054 1818 1115 1880 τῶν
1144 1818 1322 1896 στρατηγῶν

168 1918 392 1992 ἐπιτελούντων,
415 1917 455 1999 μή
476 1919 651 2000 στρατεύειν
669 1917 844 1996 Ἀθηναίους
868 1919 911 1984 εἰς
926 1917 982 1997 τήν
996 1917 1106 2001 χάραν,
1120 1916 1154 1996 ἧς
1169 1918 1321 1996 βασιλεὺς

168 2019 386 2106 [Αρταξέρξης]
402 2022 498 2105 άρχει.
542 2019 590 2109 (ὁ)
610 2026 872 2087 συντελεσθεισῶν
886 2023 918 2085 δί
933 2027 994 2084 τῶν
1009 2025 1151 2089 σπονδῶν
1164 2019 1321 2099 Ἀθηναῖοι

168 2127 222 2191 πῶς
243 2125 382 2206 δυνάμεις
404 2125 563 2208 ἀπήγαγον
587 2128 620 2189 έκ
642 2130 696 2205 τῆς
718 2126 850 2207 Κύπρου,
866 2127 1009 2207 λαμπρῶν
1030 2126 1087 2205 μέν
1102 2127 1186 2202 υίκηυ
1202 2150 1321 2204 νενικη-

169 2230 264 2307 κότες,
280 2228 523 2306 ἐπιφανεστάτας
537 2233 569 2295 δὲ
586 2229 737 2310 συνθήκας
751 2229 959 2309 πεποιημένοι.

213 2369 285 2424 170.
308 2356 399 2423 Ibid.
421 2360 471 2424 26.
493 2378 530 2424 2:
553 2360 676 2424 Τούτων
691 2360 724 2423 δὲ
739 2358 951 2439 τραπομένων
966 2361 1003 2422 τδ
1023 2363 1157 2424 πλεῖστα
1170 2365 1231 2424 τῶν
1247 2361 1322 2422 κατδ

169 2463 224 2542 τὴν
249 2462 426 2544 οἰκουμένην
450 2465 544 2529 έθνῶν
567 2465 600 2527 έν
622 2462 738 2548 ἡσυχίη
759 2464 885 2546 ὑπῆρχε,
912 2462 1034 2528 πάντων
1064 2463 1177 2546 σχεδὸν
1202 2461 1323 2544 εἰρήνην

170 2569 313 2648 ἆγόυτωυ.
358 2569 389 2630 οἰ
420 2571 477 2647 μὲν
507 2571 565 2649 γὰρ
591 2567 710 2649 Πέρσαι
740 2570 840 2633 διττὰς
870 2565 1021 2645 συνθήκας
1048 2567 1134 2651 εἶχον
1156 2565 1230 2648 πρὸς
1253 2566 1323 2633 τοὺς

166 2670 332 2750 Ἕλληνας,
346 2674 401 2738 τὰς
415 2672 471 2752 μέν
485 2670 560 2752 πρός
574 2671 750 2749 Ἀθηναίους
766 2671 816 2733 καί
831 2671 898 2735 τοὺς
915 2670 1091 2754 συμμάχους
1107 2671 1215 2747 αὐτῶν,
1227 2672 1261 2734 έν
1274 2671 1324 2736 αίς

168 2774 247 2854 ἦσαν
266 2777 298 2839 αί
314 2778 389 2839 κατὰ
403 2775 457 2855 την
472 2775 581 2840 Ἀσίαν
600 2773 781 2853 Ἑλληνίδες
802 2774 910 2841 πόλεις
931 2774 1099 2855 αὐτόνομοι,
1114 2774 1189 2856 πρὸς
1206 2777 1238 2838 δὲ
1253 2773 1322 2840 τοὺς

170 2880 421 2959 Λακεδαιμονίους
445 2879 572 2959 ὕστερον
596 2877 787 2961 έγράφησαυ,
813 2879 846 2941 έν
869 2879 917 2944 αἰς
941 2878 1114 2943 τούναντίον
1135 2876 1173 2956 ήν
1191 2902 1321 2961 γεγραμ-

169 2982 259 3063 μένον
276 2983 424 3061 ὑπηκόους
448 2982 525 3047 εἶναι
549 2986 612 3048 τοῖς
636 2981 771 3063 Πέρσαις
785 2981 840 3047 τὰς
856 2984 931 3044 κατὰ
946 2981 1000 3059 τήν
1015 2979 1125 3046 Ἀσίου
1139 2978 1321 3059 Ἑλληνίδας

169 3088 285 3153 πόλεις.

212 3225 277 3282 171.
300 3213 394 3280 Dem.
414 3230 452 3298 15
464 3236 531 3299 pro
546 3213 652 3278 Rhod.
669 3211 725 3279 lib.
749 3232 809 3294 29:
833 3215 906 3278 Εἰσὶ
931 3217 1078 3292 συνθῆκαι
1102 3219 1165 3281 τοῖς
1184 3212 1321 3292 Ἕλλησι

169 3318 285 3404 [διτταὶ]
309 3325 383 3400 πρδς
400 3318 543 3401 βασιλέα,
559 3320 595 3386 δς
615 3317 773 3397 έποιήσαθ
793 3317 811 3397 ή
833 3318 923 3384 πόλις
942 3318 961 3397 ἡ
981 3317 1118 3399 ἡμετέρα,
1133 3318 1169 3384 δς
1191 3317 1321 3384 άπαυπες

170 3422 398 3505 ἐγκωμιάζουσι.

213 3562 283 3617 172.
305 3551 357 3616 Id.
377 3571 416 3635 19
432 3551 472 3616 de
481 3549 563 3634 fale.
579 3550 638 3636 leq.
657 3566 737 3635 273:
763 3552 894 3616 Ἐκεῖνοι
916 3552 1017 3614 τοίνυν
1033 3602 1040 3616 .
1061 3553 1249 3614 ..Καλλίαν
1269 3550 1322 3615 τὸν

168 3652 342 3720 Ἱππονίκου
365 3657 473 3733 ταύτην
495 3656 549 3734 τήν
573 3657 630 3719 ύπδ
656 3655 777 3719 πάντων
802 3652 1005 3735 θρυλουμένην
1028 3651 1146 3734 εἰρήνην
1169 3655 1321 3733 πρεσβεύ-

171 3785 276 3839 σαντα,
291 3763 386 3824 ἰππου
399 3763 456 3839 μὲν
474 3761 582 3841 δρόμον
602 3759 714 3841 ἡμέρας
733 3760 774 3838 μή
797 3758 991 3836 καταβαίνειν
1016 3759 1066 3821 έπὶ
1090 3757 1146 3837 τήν
1170 3755 1321 3823 θάλατταν

169 3864 314 3942 βασιλέα,
335 3865 418 3930 έντδς
443 3863 475 3926 δὲ
503 3864 689 3927 Χελιδονίων
706 3863 754 3926 καὶ
776 3860 917 3926 Κυανέων
933 3862 1031 3945 πλοίιρ
1049 3862 1150 3945 μακρηῖ
1165 3859 1206 3940 μὴ
1222 3866 1321 3938 πλεῖν,

170 3968 216 4030 ὅτι
232 3972 311 4049 δῶρα
324 3971 435 4043 λαβεῖν
450 3965 535 4045 ἔδοξε
549 3966 754 4047 πρεσβεύσας,
769 3970 875 4048 μικροῦ
888 3969 945 4043 μὲν
960 3966 1147 4042 ἀπέκτειναν,
1160 3966 1194 4029 έυ
1209 3966 1241 4030 δὲ
1256 3969 1322 4031 ταῖς

171 4071 306 4138 εὐθύναις
320 4069 494 4150 πεντήκοντ’
515 4069 684 4151 ἐπράξαντο
702 4069 843 4136 τάλαντα.

214 4211 283 4266 178.
304 4200 404 4265 Ιςοοτ.
420 4221 441 4276 4
456 4198 624 4283 Ρατιιρητ.
644 4214 724 4280 117:
757 4197 820 4265 Οδς
842 4194 1013 4283 (ςοῖ1.τοὺς
1031 4195 1221 4283 βαρβάρους)
1235 4195 1322 4277 ἡμεῖς

169 4307 312 4383 διαβῆναι
344 4302 555 4384 τολμήσαντας
587 4305 630 4369 εἰς
660 4304 715 4382 τήν
746 4302 894 4383 Εύρύπην
921 4299 970 4365 καί
995 4301 1099 4380 μεῖζον
1123 4297 1142 4380 ἢ
1169 4305 1322 4383 προσῆκεν

170 4409 269 4474 αὐτοῖς
287 4405 500 4488 φρονήσαντας
524 4407 600 4469 οὕτω
621 4410 766 4484 διεθεμεν,
781 4401 872 4492 (118)
887 4405 967 4468 ὥστε
981 4404 1023 4484 μὴ
1037 4404 1131 4484 μόνον
1146 4404 1322 4468 παύσασθαι

170 4512 329 4595 στρατείας
344 4511 393 4593 έφ’
411 4509 489 4592 ἡμεῖς
502 4508 696 4589 ποιουμένους
708 4509 790 4572 άλλδ
806 4506 855 4572 καί
866 4508 921 4588 τήν
935 4509 1034 4572 αὑτῶν
1045 4508 1147 4592 χῶραν
1158 4508 1323 4592 ἀνέχεσθαι
