3000 5046
160 361 303 427 leuca]
475 352 562 412 THE
590 352 800 412 WESTERN
823 352 1001 412 GREEKS.
1252 368 1311 430 347

162 545 342 626 διαφέρεται·
375 548 452 626 φησὶ
474 550 532 629 γάρ
558 548 671 612 ἐκεῖνος
695 545 830 626 ἑξήκοντ’
852 549 928 611 ἐτῶν
950 546 1040 612 αὑτὸν
1062 548 1250 624 τελευτῆσαι·
1281 548 1311 609 οἶ

161 649 187 713 δ’
208 647 292 712 ἐννέα
315 647 363 713 καί
383 651 499 716 ἑκατόν.
533 649 646 732 ἤκμαζε
669 653 702 715 δέ
724 648 799 714 κατὰ
813 651 869 730 τίηυ
882 648 1026 731 τετάρτην
1041 647 1090 713 καί
1104 650 1311 733 ὀγδοηκοστὴν

161 753 341 831 ὀλυμπιάδα.

205 856 267 922 See
282 857 353 922 also
367 856 476 923 below
491 868 548 924 101
560 868 594 924 ff.

273 1010 489 1096 Επιροιίοἰιίας
510 1034 549 1078 ας
571 1036 593 1078 ο
614 1013 814 1079 demoratio
835 1011 948 1079 hader
968 1010 1012 1077 ὑτι
1034 1010 1197 1097 Αἰιταραω

204 1145 277 1200 166.
300 1135 390 1201 Ιδίιί.
414 1140 479 1222 63:
518 1187 526 1204 .
550 1188 557 1204 .
582 1187 589 1201 .
614 1139 729 1206 Αὐτοὺς
763 1142 796 1204 δέ
823 1139 944 1205 τούτους
973 1137 1042 1203 τοὺς
1072 1135 1249 1215 Καθαρμοὺς
1277 1137 1311 1200 ἐν

161 1239 315 1325 Ὀλυμπία
337 1246 584 1328 διαρραψιρδῆσαι
605 1243 729 1326 λέγεται
753 1241 929 1325 Κλεομένην
950 1249 1004 1307 τδν
1023 1242 1177 1327 ῥαψῳδόν,
1200 1240 1239 1306 ὥς
1262 1238 1312 1303 καί

161 1347 341 1424 Φαβωρῖνος
367 1348 401 1409 έν
420 1347 715 1428 ἀπομνημονεύμασι.
761 1347 840 1428 φησί
867 1347 893 1410 δ’
915 1347 1005 1411 αὑτὸν
1025 1346 1073 1410 καί
1094 1342 1311 1426 Ἀριστοτέλης

161 1448 321 1529 ἐλεύθερον
343 1449 501 1532 γεγονέναι
525 1453 573 1515 καί
598 1451 700 1531 πόσης
722 1453 817 1537 άρχῆς
841 1450 1012 1530 ἀλλότριον,
1035 1451 1064 1513 εἰ
1083 1474 1118 1531 γε
1141 1447 1195 1527 τὴν
1218 1453 1310 1522 βασι·

160 1552 248 1615 λείαν
274 1550 352 1637 αὑτῷ
381 1552 537 1633 διδομένην
562 1553 766 1642 παρῃτήσατο,
792 1552 925 1634 καθόπερ
952 1553 1072 1619 Ξάνθος
1096 1554 1130 1616 ἐν
1154 1556 1218 1617 τοῖς
1242 1546 1310 1631 περί

160 1654 251 1717 αὑτοῦ
272 1654 366 1736 λέγει,
389 1656 444 1735 τὴν
465 1657 608 1738 λιτότητα
634 1659 773 1736 δηλονότι
798 1659 895 1723 πλέον
916 1654 1087 1740 δγαπήσας.
1132 1650 1201 1741 (64)
1223 1653 1261 1717 τὰ
1283 1651 1309 1715 δ’

160 1758 234 1820 αὐτὰ
249 1759 298 1821 καὶ
309 1760 435 1837 Τίμαιος
452 1764 558 1843 εἰρηκε,
572 1763 628 1842 τήν
644 1763 744 1827 αἰτίαν
759 1761 820 1839 άμα
835 1760 1069 1842 παρατιθέμενος
1084 1764 1135 1822 τοὺ
1151 1762 1312 1836 δημοτικὸν

161 1860 237 1925 εἶναι
253 1860 305 1925 τὸν
317 1860 418 1946 ἄνδρα.
463 1863 541 1944 φησί
555 1869 613 1947 γάρ
629 1867 675 1928 ότι
690 1867 812 1945 κληθεὶς
834 1867 892 1928 ὑπό
910 1889 992 1930 τινος
1013 1869 1075 1928 τῶν
1090 1863 1245 1945 δρχόντωυ
1261 1863 1310 1925 καί

161 1967 380 2044 προβαίνοντος
397 1973 449 2032 τοὺ
469 1970 591 2033 δείπνου
608 1969 653 2035 Ιὡς
674 1969 709 2033 τὸ
732 1969 826 2034 ποτὸν
848 1968 900 2032 οὑκ
924 1966 1109 2049 εἰσεφέρετο,
1124 1971 1184 2030 τῶν
1203 1963 1310 2027 άλλων

160 2066 382 2151 ἡσυχαζόντων,
413 2071 624 2154 μισοπονήρως
657 2078 801 2139 διατεθεὶς
831 2071 992 2137 ἐκέλευσεν
1024 2069 1187 2151 εἰσφέρειν·
1227 2069 1244 2130 ὑ
1277 2070 1310 2132 δέ

162 2173 313 2249 κεκληκδς
338 2175 497 2254 άναμένειν
524 2177 583 2257 ἔφη
609 2183 662 2242 τὸν
687 2180 741 2256 τῆς
762 2180 879 2256 βουλῆς
903 2174 1061 2255 ὑπηρέτην.
1107 2173 1147 2241 ὦς
1174 2176 1206 2237 δέ
1232 2197 1309 2252 παρ-

162 2273 290 2356 εγένετο,
315 2278 441 2360 ἐγενήθη
465 2283 703 2365 συμποσίαρχος,
722 2286 775 2345 τοῦ
798 2281 977 2360 κεκληκότος
999 2278 1139 2356 δηλονότι
1161 2301 1310 2354 καταστη·

162 2375 281 2453 σάντος,
300 2378 333 2446 ὃς
353 2381 544 2465 ὑπεγράφετο
567 2384 736 2464 τυραννίδος
760 2384 864 2467 άρχήν·
898 2383 1041 2448 ἐκέλευσε
1063 2376 1157 2464 γδρή
1179 2375 1310 2458 πίνεινή

162 2486 358 2564 καταχεῖσθαι
373 2487 425 2562 τῆς
442 2489 587 2568 κεφαλῆς.
632 2488 701 2553 τότε
718 2490 773 2569 μὲν
789 2488 842 2553 οὑν
857 2485 1096 2568 όἘμπεδοκλῆς
1109 2483 1257 2566 ἡσύχασε·
1273 2484 1309 2570 τῇ

161 2583 187 2645 δ’
202 2585 343 2672 ὑστεραία
362 2591 535 2672 εἰσαγαγδν
549 2594 593 2658 εἰς
607 2590 800 2674 δικαστήριον
820 2592 975 2658 άπέκτεινε
996 2588 1195 2656 καταδικάσας
1210 2588 1310 2668 άμφο-

160 2684 271 2768 τέρους,
291 2691 345 2754 τόν
366 2718 399 2756 τε
422 2691 554 2776 κλήτορα
576 2693 624 2759 καί
641 2701 695 2760 τδν
717 2697 956 2781 συμποσίαρχον.
1000 2694 1077 2779 άρχη
1092 2696 1147 2775 μὲν
1164 2691 1218 2756 οὑν
1237 2689 1315 2775 αὑτῷ

159 2794 213 2868 τῆς
242 2796 397 2862 πολιτείας
426 2798 488 2876 ἥδε.
540 2797 611 2887 (65)
640 2799 734 2866 πάλιν
763 2800 788 2864 δ’
815 2797 968 2879 ΙἈκρωνος
1000 2802 1053 2861 τοὺ
1085 2799 1186 2877 ἰατροῦ
1215 2797 1310 2859 τόπον

160 2895 314 2963 αἰτοῦντος
337 2903 417 2980 παρὰ
439 2906 492 2982 τῆς
514 2909 631 2984 βουλῆς
654 2906 699 2971 εἰς
721 2904 906 2979 κατασκευὴν
927 2899 1064 2987 πατρφου
1085 2897 1238 2981 μνήματος
1260 2900 1310 2961 διδ

159 3001 215 3076 τὴν
233 3003 343 3071 ἐντοῖς
362 3007 473 3088 ἰατροῖς
492 3010 649 3090 άκρότητα,
665 3009 825 3090 παρελθιδν
846 3006 1086 3088 όἘμπεδοκλῆς
1109 3004 1253 3075 ἐκώλυσε,
1271 2999 1309 3065 τό

159 3102 186 3167 τ’
200 3106 282 3169 ἄλλα
297 3111 366 3189 περὶ
382 3111 521 3190 ἰσότητος
536 3114 707 3196 διαλεχθεὶς
723 3113 776 3177 καί
788 3138 817 3176 τι
833 3107 881 3174 καί
896 3114 1032 3174 τοιοῦτον
1047 3105 1208 3190 ἐρωτήσας·
1242 3110 1259 3139 “
1268 3107 1311 3169 Τί

160 3205 186 3270 δ’
201 3210 411 3292 ἐπιγράψομεν
426 3215 586 3292 ἐλεγεῖον,·
609 3213 627 3294 ἢ
642 3220 729 3279 τοῦτο
744 3240 756 3290 ,·

286 3310 398 3396 Ἀκρον
422 3317 522 3394 ἰατρδν
541 3316 669 3399 ’Ἄκρων’
691 3317 924 3401 Ἀκραγαντῖνον
946 3322 1058 3396 πατρὸς
1079 3313 1171 3394 άκρου

335 3418 456 3500 κρύπτει
479 3428 607 3502 κρημνδς
626 3423 715 3502 άκρος
737 3423 879 3504 πατρίδος
897 3418 1091 3501 άκροτάτης.”

160 3523 240 3587 τινὲς
254 3524 287 3584 δέ
302 3528 355 3585 τδν
370 3523 507 3603 δεύτερον
522 3527 631 3608 στίχον
646 3525 721 3589 οὑτω
736 3526 949 3606 προφέρονται,

334 3625 514 3708 Ἀκροτάτης
536 3630 668 3709 κορυφῆς
690 3629 804 3709 τύμβος
827 3627 916 3709 όκρος
939 3626 1069 3708 κατέχει.

160 3729 249 3792 τοῦτό
263 3754 342 3796 τινες
357 3734 524 3810 Σιμωνίδου
540 3729 636 3813 φασίν
657 3733 744 3797 εἶναι.

204 3852 274 3907 167.
298 3842 386 3906 Plut.
412 3844 489 3910 adv.
517 3844 615 3910 Golot.
641 3864 682 3931 32
709 3843 798 3932 (Εἰδ.
829 3845 910 3910 1126
937 3839 998 3931 B):
1035 3842 1244 3924 Ἐμπεδοκλῆς
1275 3845 1309 3908 δέ

160 3946 228 4012 τούς
244 3973 277 4011 τε
292 3948 426 4028 πρώτους
442 3955 501 4014 τῶν
521 3956 655 4015 πολιτῶν
673 3950 849 4030 ὑβρίζοντας
871 3945 919 4011 καί
939 3952 1156 4029 διαφοροῦντας
1169 3944 1207 4010 τὰ
1223 3943 1308 4009 κοινά

161 4049 307 4131 ἐξέβαλεν
323 4051 491 4135 ἐξελέγξας.

204 4177 278 4230 168.
300 4164 396 4252 Diog.
413 4168 522 4233 Ιιωθῐὺ.
538 4168 610 4234 viii.
628 4184 686 4252 72:
721 4167 861 4248 Νεάνθης
878 4165 905 4230 δ’
920 4168 938 4230 ό
957 4163 1119 4242 Κυζικηνὸς
1134 4164 1152 4226 ό
1172 4163 1220 4226 καὶ
1238 4156 1307 4242 περί

161 4275 220 4333 τῶν
248 4275 465 4352 Πυθαγορικῶν
490 4271 583 4337 εἰπύν
609 4279 688 4352 φησι
713 4269 858 4338 Μέτωνος
881 4267 1116 4348 τελευτήσαντος
1138 4264 1308 4348 τυραννίδος

162 4373 258 4456 ἀρχὴν
275 4374 473 4453 ὑποφύεσθαι·
497 4375 560 4440 εἰτα
576 4375 627 4440 τὸν
638 4373 847 4453 Ἐμπεδοκλέα
860 4377 965 4438 πεῖσαι
980 4370 1049 4438 τοὺς
1059 4366 1308 4452 Ἀκραγαντίνους

161 4483 337 4547 παύσασθαι
354 4487 411 4563 μέν
425 4488 486 4547 τῶν
500 4481 649 4558 στόσεων,
665 4482 788 4558 ἰσότητα
805 4481 838 4544 δέ
854 4476 1012 4556 πολιτικὴν
1028 4477 1141 4541 άσκεῖν.
