3000 5046
169 373 287 438 uuo]
434 364 526 422 HER
550 364 707 422 ALLIES
730 364 824 421 AND
851 363 1069 422 COLONIES.
1284 379 1324 440 93

171 566 226 640 τῆς
254 560 355 645 μάχης
384 561 625 642 ἀπελείφθησαν,
644 558 745 644 ’Ὕδρῳ
776 559 1044 641 προσβεβληκέναι
1081 561 1248 639 πυθόμενος
1275 562 1325 623 διδ

171 664 284 748 τάχους
309 667 469 742 ἔπλευσεν,
497 664 584 728 οὐδὲν
608 665 731 727 εἰδότων
754 662 888 742 βέβαιον
914 663 997 726 οὔπω
1023 661 1091 745 περὶ
1115 667 1167 742 τῆς
1188 663 1324 742 μείζονος

172 769 324 849 δυνάμεως
339 774 399 834 τῶν
413 758 598 850 στρατηγῶν,
615 769 697 831 ἀλλὰ
711 768 885 833 δυσπίστως
899 767 943 831 ἔτι
955 765 1004 831 καί
1015 767 1169 848 μετεώρως
1182 768 1322 851 ἐχόντων·

170 870 190 960 ᾗ
219 875 268 936 καὶ
292 877 413 950 μᾶλλον
439 872 641 954 ἐκπλαγέντες
671 872 837 935 ἀπώλεσαν
858 874 912 938 τδς
936 877 1006 938 ναῦς
1034 870 1164 945 ἁπάσας,
1188 869 1236 935 καὶ
1264 877 1325 936 τῶν

172 978 289 1057 ἀνδρῶν
304 978 334 1039 οί
350 981 489 1040 πλεῖστοι
505 973 781 1056 συνδιεφθάρησαν.

216 1124 271 1177 44.
295 1111 393 1177 Corn.
412 1111 497 1198 Nep.
518 1111 604 1177 uim.
627 1111 663 1175 ii.
687 1130 725 1177 2:
756 1111 849 1176 Idem
876 1111 998 1176 iterum
1023 1111 1213 1197 imperator
1234 1112 1323 1198 apud

173 1217 328 1302 Mycalen
338 1214 536 1302 Cypriorum
547 1222 582 1281 αδ
592 1214 792 1280 Phoenicum
809 1215 1024 1282 ducentarum
1036 1216 1174 1280 navium
1185 1215 1323 1281 classem

173 1320 340 1387 devictam
363 1320 451 1406 cepit
474 1320 523 1407 (3)
542 1319 721 1405 codemque
746 1319 893 1405 dispari
918 1320 1053 1383 fortuna
1077 1321 1112 1383 in
1135 1326 1223 1385 terro
1243 1342 1323 1385 usus

174 1431 230 1490 cst.
274 1446 419 1510 nomque
434 1424 581 1489 hostium
595 1423 740 1488 novibus
760 1423 866 1509 captis
882 1423 997 1487 statim
1020 1444 1063 1486 ex
1085 1423 1187 1489 classe
1209 1423 1323 1510 copias

173 1551 251 1594 suos
282 1528 402 1594 eduxit
431 1527 712 1612 barbarorumque
742 1526 922 1592 maximam
953 1526 1024 1590 vim
1061 1549 1128 1593 uno
1162 1549 1323 1593 concursu

173 1633 367 1718 prostravit.

217 1773 272 1827 45.
295 1761 435 1848 Lycurg.
452 1761 494 1826 iu
514 1760 623 1825 Leoor.
650 1775 709 1840 72:
732 1760 800 1824 Ἐπ’
830 1759 1029 1842 Εὐρυμέδοντι
1057 1765 1090 1827 δέ
1118 1761 1167 1826 καὶ
1194 1763 1323 1842 πεζομα-

174 1871 299 1950 χοῦντες
315 1867 364 1930 καὶ
378 1870 599 1949 ναυμαχοῦντες
615 1866 766 1944 ἐνίκησαν,
780 1864 885 1930 ἑκατὸν
899 1865 932 1928 δὲ
947 1863 1076 1946 τριήρεις
1087 1871 1147 1930 τῶν
1156 1865 1324 1947 βαρβάρων

174 1971 384 2053 αἰχμαλώτους
404 1972 536 2052 ἔλαβον,
548 1970 670 2034 άπασαν
685 1973 718 2035 δέ
740 1969 795 2050 τὴν
814 1966 924 2034 Ἀσίαν
944 1973 1041 2035 κακῶς
1063 1974 1218 2036 ποιοῦντες
1241 1996 1324 2051 περι·

175 2074 338 2140 έπλευσαν.

219 2222 274 2277 46.
297 2211 395 2277 Diod.
411 2210 457 2276 xi.
473 2214 526 2276 60.
542 2230 582 2296 3:
607 2210 695 2276 Μετά
709 2215 743 2276 δέ
753 2217 845 2276 ταῦτα
864 2211 1010 2293 μειζόνων
1025 2210 1162 2294 πράξεων
1176 2209 1325 2293 άρξασθαι

176 2317 395 2398 διανοούμενος,
430 2317 633 2381 κατέπλευσεν
664 2319 705 2383 είς
734 2322 787 2381 τὸν
824 2320 962 2398 Πειραιᾶ,
992 2313 1041 2380 καί
1071 2315 1325 2397 προσλαβόμενος

176 2423 301 2488 πλείους
316 2419 443 2503 τριήρεις
466 2421 515 2485 καὶ
538 2421 593 2500 τήν
615 2420 716 2499 ἀλλην
738 2421 888 2504 χορηγίαν
909 2419 1073 2502 ἀξιόλογον
1095 2418 1326 2501 παρασκευασά-

176 2544 276 2600 μενος,
302 2522 370 2586 τότε
393 2525 449 2600 μέν
473 2520 656 2600 ἐξέπλευσεν
685 2521 765 2603 ἔχων
793 2519 922 2602 τριήρεις
950 2521 1115 2597 διακοσίας,
1141 2521 1267 2600 ὕστερον
1292 2523 1325 2585 δέ

176 2623 449 2707 μεταπεμψάμενος
477 2623 557 2705 παρὰ
583 2631 643 2688 τῶν
667 2624 776 2688 Ἰώνων
806 2621 855 2687 καὶ
884 2629 943 2687 τῶν
973 2624 1078 2688 άλλων
1107 2623 1248 2690 ἁπάντων
1274 2622 1326 2691 τὰς

177 2728 299 2796 δπάσας
316 2730 379 2812 εἶχε
395 2731 578 2809 τριακοσίας.
621 2726 669 2814 (4)
692 2729 827 2794 πλεόσας
843 2727 895 2792 οὖν
910 2731 985 2806 μετὰ
1005 2734 1115 2794 παντὸς
1136 2733 1188 2791 τοῦ
1213 2729 1327 2792 στόλου

177 2839 252 2914 πρὸς
268 2833 323 2913 τήν
339 2835 464 2914 Καρίαν,
480 2838 539 2897 τῶν
554 2833 805 2914 παραθαλαττίων
827 2833 948 2898 πόλεων
968 2834 1039 2897 δσαι
1058 2836 1114 2912 μὲν
1131 2832 1210 2911 ήσαν
1224 2835 1257 2896 ἐκ
1274 2837 1326 2911 τῆς

176 2933 327 3004 Ἑλλάδος
343 2936 560 3022 ἀπῳκισμέναι,
576 2935 683 3002 ταότας
699 2939 879 3018 παραχρῆμα
894 2935 1074 3000 συνέπεισεν
1086 2937 1253 3014 ἀποστῆναι
1268 2943 1327 3001 τῶν

179 3044 317 3121 Περσῶν,
334 3042 405 3104 ὅσοι
421 3039 446 3103 δ’
462 3041 598 3122 ὑπῆρχον
621 3040 782 3120 δίγλωττοι
805 3043 852 3101 καὶ
869 3039 1003 3121 φρουρὰς
1019 3039 1145 3123 ἔχουσαι
1162 3039 1326 3121 Περσικάς,

177 3146 254 3223 βίαν
283 3142 445 3226 προσάγων
477 3144 658 3224 ἐπολιόρκει.
715 3146 984 3226 προσαγαγόμενος
1013 3146 1046 3207 δὲ
1079 3143 1132 3210 τὰς
1167 3146 1242 3207 κατά
1271 3145 1327 3222 τήν

179 3249 294 3330 Καρίαν
321 3249 436 3326 πόλεις,
459 3248 568 3326 ὁμοίως
591 3249 711 3313 καὶτὰς
737 3249 770 3310 ἐν
792 3248 830 3333 τῇ
852 3248 946 3331 Λυκία
967 3248 1077 3314 πείσας
1100 3248 1324 3328 προσελάβετο.

178 3350 227 3438 (5)
251 3355 330 3434 παρὰ
346 3353 378 3415 δέ
394 3357 455 3416 τῶν
475 3353 523 3415 ἀεὶ
544 3350 785 3432 προστιθεμένων
804 3349 971 3434 συμμάχων
986 3353 1240 3431 προσλαβόμενος
1255 3357 1326 3419 ναῦς

179 3455 229 3520 ἐπὶ
244 3455 340 3520 πλέον
354 3455 467 3534 ηὔξησε
483 3461 535 3519 τδν
551 3456 674 3517 στόλον.
708 3457 737 3518 οί
750 3459 782 3520 δὲ
800 3454 917 3536 Πέρσαι
932 3454 966 3518 τὸ
981 3459 1037 3532 μὲν
1051 3457 1142 3533 πεζὸν
1158 3457 1327 3537 στράτευμα

179 3560 217 3624 δι’
234 3564 345 3624 ἑαυτῶν
361 3560 596 3635 κατεσκεύασαν,
612 3565 645 3621 τδ
664 3561 696 3621 δέ
711 3564 849 3623 ναυτικὸν
864 3556 1011 3641 ἤθροισαν
1023 3559 1056 3622 ἐκ
1069 3583 1101 3622 τε
1116 3561 1260 3637 Φοινίκης
1276 3559 1324 3624 καί

180 3664 302 3745 Κύπρου
325 3659 374 3726 καὶ
397 3663 545 3729 Κιλικίας·
579 3659 755 3744 ἐστρατήγει
777 3666 810 3727 δὲ
833 3667 893 3725 τῶν
916 3666 1076 3743 Περσικῶν
1099 3661 1252 3743 δυνάμεων
1272 3668 1327 3727 Τι-

181 3769 339 3850 θραύστης,
354 3769 418 3833 υίδς
440 3764 483 3830 ῶν
500 3757 621 3847 Ξέρξου
644 3768 742 3832 νόθος.
786 3763 835 3852 (6)
858 3766 963 3847 Κίμων
983 3770 1014 3831 δὲ
1030 3767 1252 3845 πυνθανόμενος
1274 3768 1327 3834 τὸν

179 3872 295 3936 στόλον
316 3877 376 3934 τῶν
399 3875 529 3951 Περσῶν
551 3872 719 3951 διατρίβειν
741 3871 810 3951 περὶ
831 3870 886 3948 τὴν
905 3871 1037 3951 Κάπρον,
1053 3868 1102 3936 καί
1124 3871 1260 3940 πλεύσας
1276 3871 1326 3939 ἐπί

180 3974 248 4042 τοὺς
263 3974 449 4057 βαρβάρους,
465 3973 655 4058 ἐναυμάχησε
676 3977 844 4041 διακοσίαις
865 3973 914 4037 καί
938 3973 1120 4053 πεντήκοντα
1138 3978 1228 4041 ναυσὶ
1252 3977 1327 4058 πρὸς

180 4079 351 4160 τριακοσίας
366 4074 415 4140 καί
430 4077 654 4159 τετταράκοντα
700 4078 862 4160 γενομένου
884 4078 908 4142 δ’
926 4079 1043 4160 ἀγῶνας
1059 4080 1183 4163 ἰσχυροῦ
1200 4081 1248 4144 καὶ
1267 4087 1327 4144 τῶν

181 4184 300 4246 στόλων
314 4180 492 4263 ἀμφοτέρων
506 4187 650 4262 λαμπρῶς
666 4182 900 4263 ἀγωνιζομένων,
915 4182 950 4245 τὸ
970 4186 1143 4246 τελευταῖον
1167 4184 1274 4249 ἐνίκων
1297 4188 1326 4249 οί

179 4285 346 4365 Ἀθηναῖοι,
363 4283 411 4347 καί
427 4284 546 4350 πολλὰς
560 4285 616 4364 μὲν
630 4291 689 4347 τῶν
705 4286 847 4350 ἐναντίων
861 4290 931 4351 ναῦς
952 4283 1137 4366 διέφθειραν,
1156 4287 1278 4354 πλείους
1294 4293 1326 4354 δέ

180 4397 239 4455 τῶν
261 4388 369 4453 έκατδν
392 4385 449 4452 σὺν
472 4386 572 4454 αιἰτοῖς
600 4393 662 4454 τοῖς
690 4388 835 4468 ἀνδράσιν
858 4389 953 4452 εἶλον.
998 4385 1047 4474 (7)
1072 4394 1130 4452 τῶν
1153 4393 1184 4454 δέ
1208 4398 1326 4454 λοιπῶν

180 4498 255 4557 νεῶν
271 4497 508 4575 καταφυγουσῶν
523 4492 566 4557 είς
580 4490 634 4570 τὴν
650 4491 778 4572 Κύπρον,
795 4492 824 4553 οί
838 4493 894 4572 μὲν
909 4493 943 4556 ἐν
962 4489 1064 4558 αὐτοῖς
1088 4492 1190 4572 ἄνδρες
1212 4495 1254 4559 εἰς
1271 4493 1327 4572 τὴν
