3000 5046
213 373 274 435 310
529 355 615 413 THE
643 353 852 413 WESTERN
877 353 1053 413 GREEKS.
1209 358 1368 427 [cmm.

258 545 450 640 15.[P1u†.]
478 548 644 633 Αρορδίδ.
671 569 736 634 παρ.
760 548 866 613 Gelon
891 566 904 611 1
930 546 1019 636 (Em.
1047 562 1083 628 17
1086 563 1107 632 5
1118 544 1187 633 A):
1224 547 1330 610 Γέλων
1352 545 1369 608 δ

215 657 364 737 τύραννος,
395 655 446 718 δτε
476 654 699 736 Καρχηδονίους
729 658 804 734 πρδς
832 651 933 736 Ἱμέρη
963 651 1218 732 κατεπολέμησεν,
1248 646 1371 731 εἰρήνην

216 760 394 840 ποιούμενος
420 763 493 840 πρὸς
518 757 623 823 αὐτοὺς
646 756 820 839 ἠνάγκασεν
846 755 1000 839 ἐγγράψαι
1025 760 1091 822 ταῖς
1120 755 1295 837 ὁμολογίαις
1322 753 1371 817 δτι

215 870 234 898 “
246 860 294 927 καί
309 860 449 927 τὰτέκνα
463 860 630 928 παύσονται
645 857 687 946 τῷ
703 862 806 946 Κρόνιρ
823 856 1048 926 κατοθύοντες·”

361 1023 511 1088 Ηιιπυαπ
531 1021 703 1108 Καυιήίοου
722 1021 767 1087 in
788 1042 847 1088 αοο
869 1026 906 1086 at
927 1019 1102 1105 Καπδορα
1122 1019 1218 1086 later.

261 1148 312 1202 10.
336 1134 433 1201 Diod.
450 1157 506 1199 xx.
525 1154 575 1214 14.

327 1288 533 1374 δίιδοηυαυί
554 1287 718 1354 relatione
739 1285 821 1352 with
843 1286 1039 1373 Κονίδαραι
1063 1286 1145 1372 sear
1165 1286 1205 1372 of
1220 1307 1271 1351 απ

713 1390 885 1457 invasam.

264 1516 313 1574 17.
336 1505 431 1571 Pind.
450 1503 547 1570 Nem,
563 1503 608 1570 ix.
625 1502 665 1568 28
682 1501 773 1590 (67):

308 1613 347 1676 Εἰ
369 1609 505 1689 δυνατόν,
528 1611 672 1691 Κρονίων,
694 1611 801 1688 πεῖραν
821 1608 877 1687 μέν
899 1605 1032 1689 ἀγάνορα
1054 1608 1301 1671 Φοινικοστόλων

309 1713 426 1798 ἐγχέων
448 1713 558 1776 ταύταν
580 1712 709 1776 θανάτου
730 1708 800 1792 πέρι
824 1707 873 1775 καί
901 1710 977 1787 ζωᾶς
999 1709 1214 1792 ἀναβάλλομαι
1236 1710 1275 1777 ὣς
1301 1711 1376 1791 πόρ-

398 1841 498 1896 σιστα,
518 1819 627 1897 μοῖραν
647 1812 673 1879 δ’
695 1813 820 1893 εὔνομον

312 1918 400 1985 αἰτέω
423 1945 460 1985 σε
483 1915 590 1984 παισίν
612 1918 703 1998 δαρὸν
725 1917 874 1982 Αἰτναίων
895 1914 1027 1996 ὀπάζειν,
1051 1925 1134 1983 κτλ.

267 2052 318 2108 18.
341 2038 450 2106 Schol.
465 2039 513 2104 ad
528 2037 609 2103 loa:
631 2038 876 2102 Φοινικοστόλων
894 2034 1026 2126 ἐγχέων]
1042 2037 1109 2117 μεθ’
1129 2041 1171 2103 ὧν
1193 2040 1221 2103 οἰ
1237 2039 1380 2106 Φοίνικες

228 2145 404 2224 ἐστάλησαν
419 2142 561 2225 δοράτων,
576 2141 642 2222 ήτοι
660 2142 719 2205 ὑπὸ
734 2141 885 2205 Φοινίκων
900 2140 1103 2221 ἐσταλμένων,
1118 2143 1221 2222 ἐπειδὴ
1237 2144 1379 2211 Φοίνικες

227 2247 349 2336 ᾤκησαν
371 2247 427 2326 τὴν
448 2247 567 2326 Λιβύην
587 2248 662 2327 μετὰ
678 2245 900 2326 Καρχηδονίων,
919 2245 1031 2310 οἵτινες
1053 2245 1189 2314 ἰινιόντες
1209 2247 1381 2326 ἐπολέμουν

227 2353 381 2418 Σικελούς.
416 2349 462 2414 διδ
485 2353 538 2414 νῦν
560 2349 679 2431 εὔχεται
703 2349 720 2411 δ
739 2349 889 2429 Πίνδαρος
911 2349 952 2433 τῷ
976 2345 1039 2427 Διί,
1060 2349 1139 2414 ὥστε
1159 2351 1381 2430 ἐμποδισθῆνοι

227 2455 324 2520 αύτῶν
339 2454 395 2533 τήν
409 2451 512 2534 ὁρμήν.
551 2459 638 2515 κ.τ.λ.

550 2655 658 2712 Gelon
681 2655 750 2712 and
771 2653 826 2710 his
849 2654 962 2712 Greek
982 2655 1097 2711 rivals.

272 2778 322 2833 19.
346 2765 446 2832 Diod.
464 2766 510 2830 xi.
531 2782 583 2849 25.
602 2782 641 2849 5:
664 2766 768 2831 Γέλων
790 2769 824 2831 δὲ
846 2768 915 2833 τοὺς
937 2767 1111 2852 συμμάχους
1134 2768 1290 2834 ἀπολύσας
1312 2768 1382 2836 τοὺς

230 2873 354 2938 πολίτας
381 2869 538 2954 ἀπήγαγεν
564 2873 608 2939 εἰς
635 2869 687 2938 τὰς
715 2871 916 2951 Συρακούσας,
951 2868 999 2935 καί
1030 2869 1078 2935 διδ
1107 2876 1142 2934 τδ
1170 2871 1297 2952 μέγεθος
1329 2875 1383 2951 τῆς

231 2975 385 3057 εὐημερίας
406 2976 560 3059 δποδοχῆς
584 2975 747 3058 ἐτύγχανεν
769 2975 804 3039 αὖ
823 2977 916 3057 μόνον
938 2978 1020 3057 παρὰ
1041 2979 1104 3041 τοῖς
1126 2976 1274 3052 πολίταις,
1298 2977 1385 3039 ἀλλὰ

230 3078 280 3145 καί
309 3079 373 3142 καθ’
405 3080 482 3156 ὅλην
511 3079 567 3158 τήν
597 3079 749 3144 Σικελίαν·
793 3077 922 3162 ἐπήγετο
947 3077 1004 3162 γὰρ
1030 3079 1230 3162 αἰχμαλώτων
1254 3085 1384 3144 τοσοῦτο

230 3186 357 3263 πλῆθος,
387 3183 467 3246 ὥστε
494 3187 594 3249 δοκεῖν
618 3182 677 3246 ὑπὸ
703 3185 756 3260 τῆς
780 3180 875 3261 νήσου
898 3181 1057 3265 γεγονέναι
1083 3182 1137 3261 τὴν
1164 3184 1283 3263 Λιβύην
1308 3183 1385 3260 ὅλην

231 3287 435 3372 αἰχμάλωτον.
480 3284 550 3373 (26)
572 3286 657 3353 εὐθὺς
673 3288 705 3351 δὲ
721 3287 770 3350 καὶ
784 3293 846 3350 τῶν
860 3287 1007 3369 πρότερον
1017 3285 1252 3366 ἐναντιουμένων
1264 3287 1386 3351 πόλεόν

231 3417 264 3457 τε
289 3389 337 3456 καί
361 3395 516 3455 δυναστῶν
541 3389 743 3474 παρεγένοντο
770 3396 844 3471 πρὸς
869 3391 959 3455 αύτδν
986 3390 1142 3469 πρέσβεις,
1166 3391 1216 3455 ἐπὶ
1240 3394 1296 3470 μέν
1322 3393 1386 3457 τοῖς

232 3494 430 3579 ἠγνοημένοις
446 3494 615 3575 αἰτούμενοι
631 3494 822 3577 συγγνώμην,
839 3495 883 3560 εἰς
898 3497 931 3560 δέ
945 3498 980 3556 τδ
995 3498 1107 3559 λοιπὸν
1122 3494 1386 3576 ἐπαγγελλόμενοι

232 3604 295 3665 πᾶν
315 3595 458 3677 ποιήσειν
481 3603 515 3661 τδ
535 3599 806 3680 προσταττόμενον.
852 3599 868 3660 ὁ
884 3598 916 3662 δὲ
932 3601 1027 3661 πᾶσιν
1042 3597 1181 3663 ἐπιεικῶς
1195 3596 1387 3678 χρησάμενος

234 3701 408 3784 συμμαχίαν
423 3703 607 3780 συνετίθετο,
624 3703 672 3766 καί
688 3701 741 3780 τὴν
759 3701 900 3785 εὐτυχίαν
915 3701 1107 3783 δνθρωπίνως
1122 3700 1240 3782 έφερεν.

277 3805 369 3872 lbid.
387 3806 438 3871 66.
484 3804 545 3870 See
561 3805 669 3871 below
684 3816 755 3870 132.

392 3964 527 4030 Hieron
546 3965 693 4030 marries
715 3965 767 4031 the
787 3965 954 4051 ιίαιιρίιίου
975 3964 1014 4051 os
1032 3965 1235 4030 Αυοαίἰοοο.

280 4097 337 4151 20.
360 4084 469 4150 Sohol.
485 4085 580 4152 Pin&
595 4084 693 4170 Pytk.
710 4086 732 4150 i.
753 4105 831 4152 112:
856 4089 1039 4168 Δεινομένης
1062 4088 1095 4151 δέ
1117 4086 1181 4154 υίὸς
1197 4084 1332 4167 Ἱέρωνος
1354 4087 1389 4151 έκ

236 4194 288 4270 τῆς
300 4188 485 4256 Νικοκλέους
499 4194 553 4253 τοῦ
567 4191 772 4272 Συρακουσίου
788 4191 932 4273 θυγατρὸς
945 4193 1019 4255 κατὰ
1030 4191 1180 4254 Φίλιστον
1191 4187 1241 4253 καί
1252 4189 1391 4269 Τίμαιον*

238 4293 272 4356 ἐκ
288 4287 345 4371 γὰρ
360 4290 413 4366 τῆς
428 4286 611 4368 Ἀναξιλάου
626 4288 771 4372 θυγατρὸς
789 4287 838 4354 καί
856 4291 906 4368 τῆς
921 4289 1067 4371 Θήρωνος
1085 4292 1214 4372 ἀνεψιᾶς
1232 4290 1284 4354 οὐκ
1304 4290 1392 4353 ἐπαι-

237 4393 401 4470 δοποίησεν
415 4393 432 4456 ό
445 4388 546 4474 Ἱέρων
561 4391 717 4477 προγήμας
732 4393 850 4471 ταύτην·
878 4395 949 4458 ὅθεν
965 4390 1032 4458 ἐστί
1048 4395 1096 4459 καὶ
1112 4394 1128 4457 ό
1144 4399 1214 4460 παῖς
1231 4393 1393 4475 ὁμόνυμος

237 4497 280 4585 τῷ
296 4495 418 4581 πάππιρ·
446 4495 625 4576 Δεινομένης
640 4496 698 4580 γὰρ
713 4499 731 4562 δ
747 4498 844 4581 πατὴρ
857 4494 1001 4580 Ἱέρωνος.
