3000 5046
120 380 260 446 181-184.]
378 373 471 431 HER
497 373 655 433 ALLIES
682 375 776 434 ΛΝΒ
803 376 1020 438 COLONIES.
1217 394 1276 457 115

121 577 182 637 τοῖν
208 570 245 651 if
267 571 405 651 Ἀθηνόυ
429 571 659 652 τεσσαράκοντα
682 577 763 650 νηῶν
787 572 965 656 ἐχρημάτιζε
991 573 1149 656 ναύαρχος·
1177 574 1224 637 καὶ
1248 569 1277 638 ν’

122 679 252 757 Περσῶν
274 679 353 756 νῆες,
371 677 403 740 αἱ
424 677 480 753 μέν
503 675 619 738 εἴκοσιν
640 676 739 743 αὐτοῖς
762 676 907 758 ἀνδράσιν
933 674 1121 759 ἐλήφθησαν,
1137 678 1169 741 αί
1191 679 1224 741 δέ
1245 674 1277 741 λ’

121 779 340 862 διεφθάρησαν.
385 777 454 866 (33)
477 779 542 844 εἶτα
562 778 712 860 πέμπεται
733 782 807 845 κατδ
826 779 940 864 Ἰνάρου
955 779 1147 861 Μεγάβυζος,
1163 780 1276 864 έπαγά-

120 908 210 963 μενος
232 884 312 949 ἀλλο
334 883 504 967 στράτευμα
527 881 602 966 πρὸς
624 886 666 970 τῷ
689 883 917 967 ὑπολειφθέντι,
931 882 1074 966 μυριάδας
1097 886 1203 958 εἴκοσι,
1227 880 1276 948 καί

122 989 195 1065 νῆας
210 983 247 1062 τ’,
264 988 312 1052 καὶ
327 987 492 1066 ἐπιστάτην
507 987 609 1056 αὐτοῖς
624 987 778 1069 Ὀρίσκον,
794 989 833 1056 ὦς
848 989 925 1055 εῖναι
944 989 1037 1072 χωρὶς
1057 993 1117 1051 τῶν
1141 991 1218 1053 νεῶν
1240 993 1275 1051 τδ

120 1091 202 1155 ἀλλο
217 1094 335 1170 πλῆθος
351 1089 380 1157 ν’
392 1092 545 1175 μυριάδας·
568 1092 781 1177 Ἀχαιμενίδης
795 1095 853 1176 γδρ
871 1094 922 1158 ὅτε
937 1093 1039 1169 έπεσε,
1050 1091 1123 1157 δέκα
1134 1089 1275 1174 μυριάδες

121 1196 209 1281 αιἰτφ,
225 1195 262 1276 ἐξ
274 1199 316 1263 όν
331 1196 386 1281 ήγε
400 1192 442 1277 μ’,
455 1197 730 1280 συνδιεφθάρησαν.
774 1198 889 1281 γίνεται
904 1197 957 1261 οὖν
971 1196 1053 1280 μάχη
1071 1196 1206 1277 κρατερά,
1224 1195 1274 1261 καὶ

120 1302 285 1365 πίπτουσιν
300 1301 514 1383 ἀμφοτέρωθεν
527 1303 651 1377 πολλοί,
668 1304 793 1369 πλείους
812 1305 846 1367 δέ
870 1302 1041 1384 Αίγόπτιοι.
1087 1301 1137 1365 καλ
1160 1299 1275 1382 βάλλει

121 1402 303 1486 Μεγάβυζος
327 1407 371 1472 εἷς
394 1404 446 1470 τδν
464 1404 560 1486 μηρὸν
576 1402 704 1486 Ἴναρον,
721 1407 770 1470 καὶ
790 1406 939 1487 τρέπεται·
963 1403 1013 1470 καί
1033 1409 1140 1470 νικῶσι
1155 1403 1275 1484 Πέρσαι

122 1507 197 1571 κατὰ
221 1505 335 1588 κράτος.
381 1509 488 1591 φεόγει
510 1510 544 1575 δέ
564 1515 638 1593 πρδς
657 1509 713 1589 τὴν
728 1509 853 1590 Βόβλον
864 1508 980 1590 Ἴναρος
996 1504 1100 1592 (πόλις
1116 1505 1275 1588 ἰσχυρὰ-έν

121 1611 262 1696 Αίγόπτιρ
278 1611 373 1701 αὕτη),
389 1611 438 1677 καὶ
453 1613 648 1694 οίἝλληνες
668 1616 701 1678 δέ
720 1613 785 1694 μετ’
805 1613 906 1692 αὐτοῦ,
922 1614 992 1677 ὅσοι
1010 1611 1051 1694 μὴ
1076 1613 1110 1676 έν
1133 1612 1170 1700 τῇ
1191 1609 1274 1696 μάχη

121 1717 169 1780 καὶ
184 1714 259 1796 μετδ
275 1720 471 1799 Χαριτιμίδαυ
485 1717 646 1784 ἀπέθανον.
692 1715 762 1804 (34)
785 1722 959 1802 προσχωρεῖ
978 1720 1011 1781 δὲ
1025 1717 1177 1799 Αἴγυπτος
1192 1715 1275 1795 πλὴν

121 1820 245 1900 Βύβλου
260 1820 333 1901 πρὸς
348 1822 542 1904 Μεγάβυζον.
575 1822 642 1887 έπεὶ
657 1823 690 1886 δὲ
705 1822 804 1901 ἐκείνη
820 1820 974 1889 ἀνάλωτος
990 1822 1098 1899 έδόκει,
1112 1819 1274 1884 σπένδεται

123 1923 196 2008 πρὸς
207 1923 328 2006 Ἰναρον
352 1927 399 1990 καὶ
420 1925 488 1992 τοὺς
503 1924 668 2003 Ἕλληνας,
683 1923 909 2008 ἑξακισχιλίους
929 1927 1018 1992 ὄντας
1033 1922 1082 1989 καὶ
1097 1925 1142 1990 έτι
1157 1924 1240 2005 πρός,
1257 1924 1275 1988 ό

122 2028 314 2112 Μεγάβυζος,
339 2028 390 2113 ἐφ’
415 2027 438 2117 ᾧ
461 2032 555 2111 μηδέν
581 2036 672 2094 κακδν
699 2029 779 2110 παρὰ
804 2031 961 2110 βασιλέως
987 2032 1109 2111 λαβεῖν,
1134 2025 1182 2093 καί
1204 2026 1274 2095 τοδς
1390 2049 1393 2055 ’

116 2130 286 2213 Ἕλληνας,
297 2134 348 2200 ὅτε
363 2133 537 2213 βούλοιντο,
549 2133 624 2216 πρὸς
638 2132 676 2198 τὰ
691 2135 789 2199 οίκεῖα
804 2136 990 2198 έπανελθεῖν.
1025 2129 1096 2218 (35)
1112 2133 1275 2211 καθίστησι

121 2237 155 2302 δὲ
169 2239 222 2315 τῆς
237 2237 391 2319 Αίγόπτου
415 2237 571 2321 σατράπην
595 2238 770 2320 Σαρσάμον·
793 2236 842 2302 καὶ
864 2237 975 2318 λαβιδν
996 2235 1115 2319 Ἴναρον
1135 2234 1274 2302 καὶτοὺς

117 2338 275 2421 Ἕλληνας
286 2342 483 2424 παραγίνεται
498 2347 573 2421 πρὸς
585 2339 703 2421 Ξέρξην
714 2339 834 2426 (immo
847 2335 1069 2428 Ἀρτοξέρξην),
1082 2341 1131 2404 καὶ
1144 2340 1274 2421 εὑρίσκει

120 2446 192 2510 λίαν
216 2448 289 2509 κατὰ
311 2444 430 2527 Ἰνάρου
453 2444 669 2526 τεθυμωμένον,
685 2446 732 2511 ότι
752 2446 804 2512 τὸν
820 2445 957 2526 ἀδελφὸν
971 2445 1185 2529 Ἀχαιμενίδην
1200 2444 1274 2508 ἀπε·

121 2550 231 2618 κτονδς
256 2551 312 2629 εἴη.
357 2554 503 2630 διηγεῖται
523 2551 561 2612 τδ
580 2550 726 2632 γεγονότα
744 2549 935 2632 Μεγάβυζος,
951 2547 1000 2613 καὶ
1014 2549 1053 2616 ὦς
1068 2549 1187 2614 πίστεις
1206 2544 1275 2614 δοδς

120 2651 224 2738 Ἰνάριρ
248 2650 294 2717 καὶ
318 2657 382 2719 τοῖς
401 2651 550 2732 Ἕλλησι,
575 2653 700 2730 Βύβλον
723 2653 843 2735 εἴληφε·
876 2651 925 2717 καί
951 2650 1112 2732 έξαιτεῖται
1138 2655 1274 2731 λιπαρῶς

10 2818 12 2823 .
123 2757 259 2839 βασιλέα
274 2759 343 2841 περὶ
358 2762 411 2837 τῆς
431 2758 529 2822 αιἰτῶν
548 2758 704 2839 σωτηρίας,
721 2757 769 2822 καὶ
787 2756 949 2839 λαμβάνει,
967 2754 1014 2821 καὶ
1031 2754 1170 2840 ἐξάγεται
1185 2754 1275 2821 τέλος

124 2864 160 2950 τῇ
191 2862 317 2946 στρατιᾷ
343 2860 383 2929 ὣς
410 2860 527 2943 Ἰναρος
554 2863 604 2926 καί
629 2865 658 2927 οῖ
683 2861 838 2942 Ἕλληνες
867 2861 954 2927 οὐδέν
983 2859 1075 2925 κακδν
1104 2860 1273 2924 πείσονται.

123 2961 193 3052 (36)
211 2962 336 3045 Ἀμυτις
356 2968 389 3030 δὲ
413 2967 488 3046 ὑπέρ
510 2971 564 3030 τοῦ
584 2972 690 3033 παιδδς
705 2966 917 3052 Ἀχαιμενίδου
933 2968 1019 3032 δεινδ
1033 2967 1175 3043 έποιεῑτο,
1190 2965 1219 3028 εί
1231 2963 1274 3045 μὴ

122 3068 323 3151 τιμωρήσαιτο
343 3067 465 3152 Ἴναρον
486 3067 534 3134 καὶ
549 3070 619 3137 τοὺς
630 3070 797 3149 ΙΈλληνας·
821 3069 871 3135 καί
886 3072 1013 3135 αἰτεῖται
1028 3073 1121 3135 ταῦτα
1134 3071 1274 3150 βασιλεῖ·

122 3171 187 3238 όδέ
202 3173 253 3237 οὐκ
275 3175 442 3238 ένδίδωσιν·
466 3174 531 3239 εἶτα
556 3175 741 3260 Μεγαβύζῳ·
765 3178 834 3241 όδέ
854 3174 1074 3256 ἀποπέμπεται.
1120 3173 1185 3238 εἶτα
1209 3171 1275 3237 έπεί

123 3278 246 3360 διόχλει
262 3277 315 3343 τὸν
332 3279 406 3355 υἱόν,
426 3276 654 3360 κατειργάσατο,
672 3279 720 3344 καὶ
744 3278 834 3345 πέντε
859 3280 1074 3355 παρελθόντων
1097 3278 1172 3342 έτῶν
1196 3283 1275 3354 λαμ-

121 3380 211 3461 βάνει
226 3387 278 3446 τδν
289 3378 407 3464 Ἰναρον
428 3385 509 3465 παρδ
528 3381 686 3461 βασιλέως
707 3380 755 3448 καὶ
770 3383 839 3451 τοὺς
849 3381 1017 3462 Ἕλληνας.
1062 3379 1112 3445 καὶ
1127 3378 1273 3446 ἀνεσταό·

120 3512 200 3569 ρωσε
214 3488 271 3565 μὲν
285 3485 335 3551 ἐπὶ
350 3488 431 3568 τρισὶ
448 3491 597 3568 σταυροῖς·
620 3485 806 3566 πεντήκοντα
820 3489 854 3551 δέ
867 3483 1039 3565 Ἑλλήνων,
1055 3486 1147 3552 ὅσους
1161 3488 1276 3563 λαβεῖν

120 3591 242 3674 ἴσχυσε,
273 3591 386 3656 τούτων
416 3590 503 3670 έτεμε
533 3593 587 3657 τάς
616 3590 763 3672 κεφαλάς.
820 3586 891 3678 (37)
928 3591 977 3654 καὶ
1008 3586 1144 3668 ἐλυπήθη
1175 3587 1275 3666 λόπην

122 3697 259 3775 αφοδρδν
285 3693 477 3773 Μεγάβυζος,
504 3691 553 3759 καὶ
580 3694 740 3773 ἐπένθησε,
768 3696 818 3759 καί
843 3691 978 3782 ιήτήσατο
1006 3693 1057 3758 έπί
1081 3693 1191 3774 Συρίαν
1218 3691 1275 3770 τὴν

121 3801 228 3863 έαυτοῦ
241 3798 344 3881 χώραν
359 3797 489 3862 ἀπιέναι·
512 3800 641 3863 ἐνταῦθα
654 3797 754 3883 λάθρη
769 3796 901 3866 καὶτοὺς
916 3797 1030 3863 ἀλλους
1044 3793 1274 3874 τῶνἙλλήνων

121 3902 303 3984 προέπεμπε.
349 3900 397 3966 καὶ
413 3899 513 3989 ἀπῄει,
529 3899 578 3965 καὶ
593 3901 709 3980 ἀπέστη
726 3900 885 3983 βασιλέως
903 3908 991 3965 κ.τ.λ.

164 4057 235 4113 13³.
258 4045 498 4126 Thuc.i.104;
525 4066 606 4129 1093
633 4066 704 4111 110.
800 4072 804 4078 ·

165 4211 236 4266 1³4.
261 4200 359 4266 Diod.
375 4201 421 4265 xi.
440 4215 500 4283 71:
523 4201 590 4265 Ἐπ’
616 4201 763 4286 ἀρχοντος
784 4199 809 4267 δ’
823 4201 974 4281 Ἀθήνησι
993 4198 1272 4281 Τληπολέμου...

120 4303 319 4386 Ἀρταξέρξης
344 4307 361 4368 ό
383 4304 534 4387 βασιλεὺς
558 4312 618 4370 τῶν
636 4311 766 4387 Περσῶν
790 4305 858 4389 ἀρτι
881 4305 937 4384 τὴν
958 4306 1125 4386 βασιλείαν
1147 4305 1273 4381 ἀνακτη·

121 4407 262 4489 σάμενος,
277 4411 380 4488 τὸμὲν
401 4416 519 4491 πρῶτον
539 4409 673 4477 κολάσας
694 4409 764 4478 τοὺς
784 4410 1011 4494 μετεσχηκότας
1026 4412 1078 4487 τῆς
1094 4413 1148 4472 τοῦ
1162 4412 1274 4490 πατρὸς

120 4513 303 4594 ἀναιρέσεως
318 4511 433 4593 διέταξε
448 4512 486 4578 τὰ
507 4511 582 4579 κατὰ
603 4514 659 4596 τὴν
677 4514 846 4594 βασιλείαν
862 4513 1077 4597 συμφερόντως
1092 4510 1180 4598 αὐτῷ.
1227 4507 1274 4599 (2)

676 4634 690 4681 I
708 4635 727 4684 2
