3000 5046
177 399 327 466 διε-846)
440 393 533 453 HER
557 394 714 454 AlLIES
737 394 831 452 AND
857 394 1075 454 COLONIES.
1273 398 1329 477 163

178 589 236 653 ἀνὰ
250 589 344 670 μέσον
358 598 499 671 ποταμῶν
514 596 604 669 δυοῖν,
620 595 673 653 τοῖι
688 616 722 656 τε
737 589 886 673 Συβάριος
901 588 950 655 καῖ
967 589 1105 674 Κράθιος.
1143 590 1193 678 (4)
1212 592 1330 676 ἀγαθὴν

177 692 203 758 δ’
218 694 340 779 ἔχοντες
354 695 457 779 χώραν
472 694 549 780 ταχδ
568 699 634 762 ταῖς
653 693 770 761 οὐσίαις
785 693 1031 777 προσανέβησαν.
1076 695 1281 779 κατασχόντες
1297 699 1329 761 δέ

177 798 233 877 τὴν
247 798 339 863 πόλιν
357 800 409 879 ἐτη
430 799 523 881 όλίγα
543 797 637 864 πάλιν
655 796 803 878 ἐξέπεσον
821 799 853 862 ἐκ
873 800 925 876 τῆς
939 797 1111 881 Συβάρεως·
1141 796 1210 882 περ)
1232 801 1274 864 (δν
1292 801 1330 865 τά

178 901 253 967 κατὰ
267 901 357 985 μέρος
372 900 547 985 ἀναγράψαι
562 902 769 984 πειρασόμεθα
784 900 859 966 κατά
873 902 930 982 τὴν
944 901 1090 986 ἐχομένην
1102 903 1232 984 βίβλον.

220 1033 295 1089 348.
328 1022 383 1088 Ῑά.
420 1023 480 1088 xii.
512 1042 564 1088 10.
596 1041 636 1089 2:
673 1021 823 1104 ΙὝστερον
859 1028 893 1090 δὲ
921 1024 1022 1090 ἐτεσιν
1055 1025 1132 1088 όκτῖι
1162 1030 1236 1107 πρδς
1265 1030 1328 1092 τοῖς

177 1126 363 1207 πεντήκοντα
387 1126 562 1192 Θετταλοὶι
578 1124 756 1214 συνῴκισαν,
771 1124 819 1192 καὶ
837 1124 903 1209 μετ’
917 1128 1024 1211 ὀλίγον
1037 1129 1098 1192 ὑπὸ
1113 1133 1329 1210 Κροτωνιατῶν

177 1230 324 1311 ἐξέπεσον
339 1231 437 1317 [πέντε
453 1233 555 1297 ἐτεσιν
568 1231 696 1314 ὕστερον
715 1237 767 1297 τοῦ
787 1231 925 1314 δευτέρου
946 1230 1153 1315 συνοικισμοῦ]
1170 1230 1245 1296 κατά
1258 1231 1328 1299 τοὺς

176 1335 389 1414 ὑποκειμένους
433 1336 552 1418 καιρούς
595 1334 650 1420 [ἐπ’
689 1335 834 1420 άρχοντος
871 1332 898 1402 δ’
936 1333 1085 1415 Ἀθήνησι
1126 1333 1327 1419 Καλλιμάχου

176 1439 369 1524 συνῳκίσθη).

222 1569 298 1625 344.
321 1559 487 1647 Scymnus
506 1558 618 1639 Chius,
633 1559 740 1626 Doecr.
759 1557 835 1627 θυδ.
851 1561 934 1647 356:

394 1670 598 1749 Κροτωνιᾶται
619 1666 755 1746 πλησίον
776 1670 810 1732 δέ
832 1665 962 1745 κείμενοι

394 1772 468 1834 κατδ
491 1768 598 1852 κράτος
619 1769 725 1836 αὐτοὺς
747 1768 823 1850 ἦραν
846 1770 878 1834 ἐν
899 1773 1015 1853 βραχεῖ
1033 1768 1133 1854 χρόνῳ

392 1876 431 1938 τά
452 1872 551 1939 πάντα
573 1874 782 1956 διαμείναντας
803 1872 975 1938 ἀπταίστως
997 1871 1049 1950 ἐτη

393 1979 432 2043 ὡς
455 1977 562 2042 ἐκατδν
584 1975 762 2057 ἐνενήκοντα
783 1981 858 2058 πρδς
880 1980 942 2042 τοῖς
965 1976 1076 2041 εἴκοσι.

221 2109 297 2164 345.
320 2095 406 2163 Coin
420 2095 459 2163 of
471 2097 618 2184 Sybafis,
633 2115 696 2164 ac.
715 2096 877 2183 453-448.

221 2199 298 2267 obv.
322 2200 486 2267 Poseidon
501 2200 646 2288 striking
658 2206 693 2266 to
708 2200 799 2292 right
813 2198 897 2265 with
912 2197 1052 2267 trident,

219 2316 297 2384 Rev.
318 2309 444 2379 ASVM
464 2316 541 2382 Bul]
555 2322 592 2384 ίιο
607 2316 707 2405 right.

703 2418 737 2487 R
757 2439 1014 2507 1·14grammes.

219 2524 308 2590 Βιίί.
320 2523 409 2591 Μαι.
427 2524 512 2606 Cat„
523 2525 629 2611 Italy,
646 2522 785 2613 Sybaris
804 2523 857 2593 28.

346 2740 568 2807 θὀιιτιάαίίοιι
589 2738 628 2820 ο(
647 2736 792 2805 Tharioi
815 2735 856 2825 by
878 2735 929 2802 the
950 2732 1151 2806 Athamana

223 2895 310 2961 Plut.
325 2895 402 2962 Per.
420 2916 470 2960 11.
517 2896 578 2962 See
591 2895 697 2961 below
711 2903 754 2960 V.
771 2905 826 2960 89.

222 3028 298 3081 846.
321 3016 421 3083 Diod.
436 3015 496 3081 xii.
513 3036 563 3080 10.
580 3037 616 3102 3:
640 3012 698 3081 Καὶ
713 3014 789 3097 μετὰ
808 3012 911 3097 βραχὺ
923 3016 1150 3095 μετασταθεῖσα
1165 3012 1208 3079 είς
1224 3011 1327 3094 ἕτερον

176 3121 272 3186 τόπον
287 3124 491 3204 προσηγορίας
511 3121 613 3205 ἑτέρας
633 3120 731 3204 ἐτυχε,
747 3126 876 3184 κτιστδν
895 3117 1066 3201 γενομένων
1086 3115 1255 3198 Λάμπωνος
1277 3114 1327 3180 καὶ

177 3226 358 3306 Ξενοκρίτου
373 3231 479 3291 τοῦτον
494 3230 546 3290 τδν
560 3227 681 3307 τρόπον.
718 3225 748 3287 οί
759 3226 815 3306 γὰρ
827 3227 861 3286 τδ
876 3220 1013 3304 δεθτερον
1029 3221 1208 3288 ἐκπεσόντες
1224 3222 1258 3285 ἐκ
1272 3224 1326 3300 τῆς

174 3331 317 3410 πατρίδος
333 3334 497 3412 Συβαρῖται
521 3328 669 3410 πρέσβεις
691 3328 832 3409 ἔπεμψαν
854 3327 897 3391 είς
919 3325 973 3401 τὴν
987 3323 1125 3389 Ἐλλάδα
1140 3330 1214 3409 πρὸς
1228 3328 1326 3389 Λακε-

176 3434 345 3514 δαιμονίους
361 3431 409 3498 καὶ
418 3431 604 3512 Ἀθηναίους,
615 3430 767 3510 ἀξιοῦντες
784 3427 1049 3509 συνεπιλαβέσθαι
1064 3430 1118 3506 τῆς
1133 3429 1261 3493 καθόδου
1276 3427 1326 3493 καὶ

177 3539 359 3615 κοινωνῆσαι
376 3540 429 3616 τῆς
448 3537 595 3602 ἀποικίας.
638 3531 688 3622 (4)
709 3533 939 3614 Λακεδαιμόνιοι
953 3532 1010 3610 μέν
1029 3531 1082 3596 οὖν
1098 3531 1133 3595 οά
1147 3530 1326 3615 προσέσχον

173 3640 284 3714 αὐτοῖς,
296 3639 453 3719 Ἀθηναῖοι
463 3643 496 3705 δέ
506 3637 692 3721 συμπράξειν
703 3635 967 3720 ἐπαγγειλάμενοι,
980 3634 1052 3700 δέκα
1062 3639 1133 3701 ναιῖς
1144 3635 1325 3717 πληριίσαν-

173 3767 223 3809 τες
234 3741 421 3808 ἀπέστειλαν
435 3748 497 3810 τοῖς
509 3743 699 3826 Συβαρίταις,
715 3744 757 3806 ὢν
767 3740 871 3823 ἡγεῖτο
881 3737 1017 3820 Λάμπων
1027 3764 1061 3804 τε
1073 3735 1121 3804 καί
1134 3739 1324 3820 Ξενόκριτος·

174 3845 319 3927 ἐκήρυξαν
343 3851 376 3912 δὲ
401 3847 475 3911 κατὰ
499 3849 552 3912 τὰς
574 3847 607 3912 ἐν
630 3842 858 3929 Πελοποννήσῳ
871 3844 977 3909 πόλεις
994 3841 1252 3922 κοινοποιούμενοι
1270 3842 1325 3921 τὴν

174 3951 314 4014 ἀποικίαν
339 3952 380 4034 τῷ
398 3949 576 4036 βουλομένῳ
588 3948 729 4034 μετέχειν
750 3951 803 4027 τῆς
824 3948 974 4014 ἀποικίας.
1018 3944 1067 4034 (5)
1090 3945 1325 4012 ὑπακουσάντων

173 4056 207 4118 δὲ
234 4059 360 4118 πολλῶν
385 4049 432 4115 καὶ
451 4052 611 4133 λαβόντων
635 4057 774 4136 χρησμὸν
797 4049 879 4134 παρά
902 4054 954 4114 τοῦ
976 4050 1187 4129 Ἀπόλλωνος,
1209 4049 1256 4115 ότι
1278 4054 1326 4114 δεῖ

173 4156 274 4220 κτίσαι
289 4158 382 4220 πόλιν
396 4155 502 4223 αὐτοὺς
518 4158 552 4220 ἐν
566 4155 660 4242 τούτῳ
669 4158 710 4241 τῷ
722 4156 813 4240 τόπῳ,
826 4155 902 4219 όπου
912 4152 1082 4233 μέλλουσιν
1096 4154 1189 4218 οίκεῖν
1202 4139 1325 4235 μέτριον

172 4261 252 4342 θδωρ
266 4259 410 4337 πίνοντες,
425 4260 528 4342 ἀμετρῖ
543 4264 576 4326 δὲ
590 4259 688 4343 μᾶζαν
701 4255 1049 4337 ἐδοντες,κατέπλευσαν
1059 4257 1101 4322 είς
1113 4254 1167 4335 τὴν
1177 4254 1322 4335 Ἰταλίαν,

205 4419 214 4450 ¹
231 4421 256 4470 οί
274 4418 320 4470 σδυ
339 4421 478 4484 Θετταλᾷῖ
510 4421 564 4473 But
582 4437 623 4472 τοο
641 4416 1325 4484 Μ.Κλοὶατολιαίι,1ίιΐί.θιιάκθιιοίι.α.θγδατίε

173 4503 321 4573 (Hmburss
334 4502 506 4571 1894)‚p·²4·

713 4602 742 4650 τε
761 4603 781 4649 2
