3000 5046
173 362 313 428 ιιι-ιιι]
439 356 533 414 νιῑν
558 356 715 416 Annis
739 359 833 416 AND
860 359 1077 419 οοιονιιῑς.
1270 376 1328 435 109

674 573 823 641 Troizen.

218 671 280 725 111.
302 659 404 727 Thuc.
419 661 441 725 i.
462 678 532 745 115.
554 681 579 725 1.

218 792 285 846 112.
308 781 435 846 And00.
453 803 472 866 3
488 782 528 847 de
542 780 622 846 Pcw.
639 801 677 866 3:
696 781 808 848 Ἧνικα
829 787 930 850 τοίνυν
951 785 987 865 ήν
1008 789 1063 868 μὲν
1078 789 1094 850 ὁ
1111 789 1243 870 πόλεμος
1258 789 1330 868 ἡμῖν

176 889 209 950 έν
234 886 360 971 Εύβοίη,
386 885 513 969 Μέγαρα
543 890 576 951 δὲ
603 887 725 970 είχομεν
749 890 798 953 καὶ
825 890 931 972 Πηγὰς
958 892 1006 954 καὶ
1029 893 1187 973 Τροιζῆνα,
1212 892 1330 975 εἰρήνης

176 989 416 1069 ἐπεθυμήσαμεν,
432 988 481 1054 καί
504 989 676 1069 Μιλτιάδην
697 997 749 1055 τὸν
773 994 910 1073 Κίμωνος
931 994 1178 1076 ὠστρακισμένον
1194 999 1242 1060 καὶ
1257 999 1331 1063 ὄντα

177 1096 210 1158 έν
225 1094 406 1179 Χερρονήσῳ
426 1091 647 1174 κατεδεξάμεθα
667 1094 706 1158 δι’
726 1095 798 1160 αύτὸ
814 1101 911 1174 τοῦτο,
927 1097 1074 1179 πρόξενον
1095 1101 1167 1162 ὄντα
1183 1106 1330 1165 Λακεδαι-

176 1199 295 1275 μονίων,
321 1199 403 1263 ὅπως
428 1199 605 1277 πέμψαιμεν
631 1199 663 1264 ές
687 1201 895 1281 Λακεδαίμονα
920 1204 1236 1282 προκηρυκευσόμενον
1262 1205 1331 1285 περὶ

177 1306 327 1366 σπονδῦν.
372 1298 420 1388 (4)
443 1299 504 1366 See
521 1300 626 1366 below
641 1311 715 1366 148.

351 1466 463 1533 Battle
486 1465 624 1532 between
647 1467 790 1552 Ανρίνοιι
812 1469 886 1534 and
908 1467 1156 1535 Κονὶιιίίιίαιιο.

221 1599 287 1653 113.
311 1586 342 1651 Ι.
361 1587 398 1653 G.
416 1589 458 1652 A.
479 1608 539 1674 32:
559 1586 725 1672 Τόργήεῖ]οι
741 1590 847 1654 ὁνέθεν
862 1594 908 1652 τόι
926 1592 998 1654 Διέὶ
1013 1589 1088 1675 τζὸήν
1103 1594 1301 1680 φορινθόθεν.

602 1694 730 1759 Letters
750 1699 877 1767 AofflN

520 1866 731 1952 Εοροώίθίοιι
753 1865 793 1951 os
811 1865 987 1934 Τοίνιίώνο.

223 1991 290 2045 114.
313 1978 414 2044 Thuc.
430 1978 452 2042 i.
472 1977 542 2042 108.
558 1997 674 2065 30-32.

224 2112 289 2166 115.
312 2099 408 2164 Diod.
423 2101 470 2164 xi.
487 2101 547 2178 84:
569 2099 638 2163 Ἐπ’
654 2099 802 2183 άρχοντος
824 2099 848 2165 δ’
864 2099 1012 2178 Ἀθήνησι
1029 2105 1166 2168 Καλλίου
1182 2104 1261 2187 παρὸ
1278 2107 1335 2187 μὲν

181 2203 315 2272 Ἠλείοις
337 2203 486 2283 ὀλυμπιὰς
509 2204 588 2287 ήχθη
614 2205 668 2280 μία
692 2208 766 2282 πρὸς
792 2208 857 2271 ταῖς
881 2202 1075 2284 ὀγδοήκοντα,
1098 2207 1163 2271 καθ’
1186 2207 1225 2287 ήν
1251 2211 1334 2276 ένίκα

183 2310 307 2374 στάδιον
331 2310 552 2388 Πολύμναστος
577 2312 753 2390 Κυρηναῖος.
772 2356 779 2370 .
798 2355 804 2370 .
821 2304 870 2393 (2)
892 2306 940 2371 έπί
957 2312 989 2373 δὲ
1009 2311 1122 2375 τούτων
1141 2315 1294 2394 Τολμίδης
1318 2316 1335 2378 ὁ

182 2413 362 2495 τεταγμένος
378 2411 427 2477 έπὶ
442 2415 495 2490 τῆς
510 2415 647 2491 ναυτικῆς
663 2409 824 2492 δυνάμεως,
842 2413 1051 2491 ἁμιλλώμενος
1067 2421 1140 2498 πρὸς
1156 2416 1210 2496 τήν
1227 2422 1335 2498 Μυρω-

184 2519 265 2581 νίδου
289 2516 397 2598 ἀρετήν
418 2543 451 2582 τε
475 2514 523 2580 καὶ
547 2514 650 2595 δόξαν,
672 2517 819 2580 ἔσπευδεν
840 2513 1003 2599 ὁξιόλογόν
1028 2543 1057 2581 τι
1079 2522 1335 2603 κατεργάσασθαι.

183 2618 230 2707 (3)
252 2626 299 2685 διδ
315 2618 363 2684 καὶ
379 2619 441 2685 κατ’
459 2622 589 2687 ἐκείνους
604 2620 673 2687 τοὺς
690 2618 809 2701 καιροὺς
820 2619 946 2698 μηδενὸς
956 2621 1101 2704 πρότερον
1113 2627 1336 2706 πεπορθηκότος

183 2726 237 2804 τήν
253 2724 435 2804 Λακωνικήν,
451 2723 640 2805 παρεκάλεσε
655 2729 708 2787 τὸν
730 2725 825 2803 δῆμον
847 2728 963 2808 δηῶσαι
984 2725 1118 2805 τὴντῶν
1140 2731 1337 2811 Σπαρτιατῶν

183 2830 294 2912 χώραν,
311 2830 498 2912 έπηγγέλετο
513 2831 546 2892 δὲ
562 2829 684 2911 χιλίους
707 2826 833 2894 ὁπλίτας
856 2829 1046 2909 παραλαβὼν
1070 2831 1113 2897 είς
1135 2834 1189 2898 τὰς
1209 2832 1337 2913 τριήρεις

183 2934 258 3013 μετὰ
273 2931 386 2997 τούτων
402 2931 566 3013 πορθήσειν
586 2932 642 3010 μὲν
661 2930 715 3009 τὴν
736 2930 922 3008 Λακωνικήν,
938 2932 1139 2999 ταπεινώσειν
1154 2939 1186 2999 δὲ
1205 2936 1259 3014 τὴν
1277 2945 1338 3002 τῶν

185 3040 381 3120 Σπαρτιατῶν
404 3035 504 3115 δόξαν.
549 3033 598 3122 (4)
621 3033 884 3117 συγχωρησάντων
906 3039 937 3098 δὲ
954 3041 1013 3100 τῶν
1027 3036 1208 3118 Ἀθηναίων,
1221 3041 1337 3114 βουλό-

184 3165 273 3218 μενος
289 3142 441 3223 λαθραίως
462 3141 606 3205 πλείονας
629 3138 755 3204 ὁπλίτας
774 3136 943 3218 ἐξαγαγεῖν,
959 3139 1137 3222 τεχνάζεταί
1150 3167 1179 3204 τι
1194 3148 1336 3207 τοιοῦτον.

186 3246 285 3326 οἱμὲν
300 3251 424 3308 πολῖται
448 3241 655 3323 διελάμβανον
675 3242 765 3307 αὐτὸν
787 3240 962 3320 καταλέξειν
978 3244 1021 3308 είς
1038 3244 1094 3322 τήν
1109 3250 1257 3328 στρατιὰν
1277 3253 1338 3313 τῶν

187 3350 262 3414 νέων
276 3349 345 3414 τοὺς
361 3347 546 3428 ὁκμόζοντας
563 3351 626 3412 ταῖς
640 3345 774 3425 ήλικίαις
790 3347 838 3408 καὶ
854 3350 917 3411 τοῖς
934 3345 1074 3425 σώμασιν
1090 3347 1337 3430 εὐρωστοτάτους·

187 3454 251 3516 ὁδὲ
265 3453 416 3532 Τολμίδης
433 3451 571 3515 σπεύδων
587 3451 628 3530 μή
643 3450 735 3525 μόνον
750 3449 819 3515 τοὺς
834 3448 1032 3530 τεταγμένους
1047 3451 1163 3533 χιλίους
1179 3451 1339 3534 ἐξαγαγεῖν

188 3556 230 3621 είς
241 3555 296 3635 τήν
306 3556 474 3638 στρατείαν,
485 3555 619 3636 προσιὼν
632 3552 750 3637 ἑκάστῳ
763 3559 823 3616 τῶν
838 3551 913 3617 νέων
926 3549 973 3615 καί
989 3553 1024 3640 τῇ
1039 3554 1121 3641 ῥώμη
1134 3558 1339 3635 διαφερόντων

188 3661 293 3743 έλεγεν
317 3659 356 3727 ὧς
375 3659 485 3738 μέλλει
506 3657 684 3739 καταλέγειν
700 3657 800 3720 αὐτόν·
824 3661 959 3736 κρεῖττον
976 3655 1028 3718 οὖν
1044 3658 1162 3737 ἔφησεν
1177 3661 1340 3740 ἐθελοντὴν

189 3765 362 3846 στρατεύειν
391 3767 511 3839 μᾶλλον
544 3760 562 3840 ἦ
593 3759 643 3824 διὰ
672 3767 732 3825 τῶν
765 3761 943 3842 καταλόγων
972 3760 1199 3841 ἀναγκασθῆναι
1229 3767 1338 3828 δοκεῖν.

188 3867 200 3954 (
202 3865 236 3954 5)
258 3869 323 3932 έπεὶ
349 3871 382 3931 δὲ
407 3868 531 3930 πλείους
558 3871 617 3929 τῶν
643 3864 823 3946 τρισχιλίων
851 3864 945 3947 τούτῳ
976 3865 1016 3947 τῷ
1046 3865 1130 3948 λόγῳ
1161 3863 1341 3933 συνέπεισεν

190 3971 353 4050 ἐθελοντήν
377 3969 620 4051 ἀπογράφεσθαι,
636 3969 705 4035 τοὺς
729 3973 762 4032 δὲ
784 3967 909 4034 λοιποὺς
930 3967 1030 4031 οὐκέτι
1051 3971 1236 4037 σπεύδοντας
1252 3973 1339 4055 ἑώρα,

189 4077 258 4140 τότε
274 4075 343 4141 τοὺς
359 4075 607 4156 ὡμολογημένους
629 4076 749 4158 χιλίους
771 4072 932 4150 κατέλεξεν
947 4074 980 4135 έκ
998 4078 1056 4137 τῶν
1071 4074 1185 4138 ἄλλων.
1231 4072 1278 4161 (ὁ)
1302 4079 1341 4144 ὡς

191 4179 216 4244 δ’
231 4181 309 4265 αὐτῷ
326 4182 374 4244 καὶ
389 4180 488 4243 πόλλα
502 4182 539 4242 τδ
554 4184 627 4260 πρὸς
643 4178 698 4257 τήν
719 4179 880 4260 στρατείαν
894 4176 1071 4257 ήτοίμαστο,
1086 4176 1272 4257 πεντήκοντα
1287 4184 1343 4260 μὲν

191 4282 344 4367 τριήρεσιν
365 4281 480 4364 ὁνήχθη
501 4284 551 4348 καὶ
571 4284 822 4363 τετρακισχιλίοις
844 4283 993 4355 ὁπλίταις,
1011 4282 1224 4348 καταπλεύσας
1242 4286 1275 4346 δὲ
1291 4285 1342 4360 τῆς

191 4391 366 4466 Λακωνικῆς
382 4389 424 4453 είς
439 4387 599 4466 Μεθώνην,
613 4392 702 4449 τοῦτο
721 4386 776 4465 μὲν
796 4391 831 4448 τὸ
851 4388 964 4468 χωρίον
985 4386 1060 4460 είλε,
1076 4391 1134 4449 τῶν
1150 4388 1183 4449 δὲ
1198 4390 1343 4451 Λακεδαι-

192 4493 304 4572 μονίων
329 4489 553 4572 βοηθησάντων
577 4488 724 4568 ἀνέζευξε,
748 4488 796 4553 καὶ
827 4488 1043 4570 παραπλεύσας
1075 4490 1119 4556 είς
1145 4487 1180 4553 τδ
1206 4489 1344 4567 Γύθειον,
