3000 5046
216 382 276 440 240
615 360 950 421 BlOGRAPHIcAL.
1240 372 1369 438 [om

216 565 278 622 τῶν
305 555 522 622 ἱκετευσάντων
544 556 600 636 τὴν
626 556 813 620 Χαλκίοικον
836 557 980 634 ἁμαρτεῖν
1002 556 1103 622 ἀδείας
1125 553 1190 620 κατ’
1212 556 1292 620 άλλο
1314 558 1372 635 μὲν

219 661 314 738 οὐδέν,
331 661 428 743 φόνου
443 663 476 724 δὲ
490 659 563 742 άγος
582 660 767 742 ἐκνίψασθαι
781 661 822 742 μὴ
839 661 1004 740 δυνηθέντα
1020 669 1105 724 κτλ.

586 820 650 887 Τίνι
672 822 759 887 ὅστις
780 821 819 906 os
839 821 1014 908 θοαρρίοο.

263 956 316 1010 23.
339 945 423 1010 Xen.
434 942 563 1009 Hellen.
576 943 623 1007 iii.
639 964 667 1007 ῐ.
681 945 717 1006 6:
741 944 990 1026 Προσεχιύρησαν
1005 948 1039 1009 δὲ
1054 944 1132 1029 αύτῷ
1145 941 1200 1028 (τῷ
1215 942 1371 1029 Θίβρωνι)

220 1049 268 1114 καὶ
283 1050 417 1131 Γοργίων
439 1045 488 1112 καὶ
503 1047 668 1131 Γογγύλος,
689 1044 818 1129 άδελφοὶ
842 1049 936 1121 ὄντες,
957 1047 1079 1129 ἔχοντες
1103 1049 1119 1110 ά
1140 1049 1197 1126 μὲν
1217 1045 1375 1128 Γάμβριον

221 1151 268 1217 καὶ
284 1152 549 1236 Παλαιγάμβριον,
570 1153 587 1214 ὅ
606 1155 638 1216 δὲ
657 1152 793 1233 Μύριναν
812 1149 860 1215 καὶ
875 1151 1025 1225 Γρύνειον·
1061 1156 1156 1234 δῶρον
1171 1156 1206 1217 δὲ
1221 1149 1270 1216 καὶ
1285 1151 1373 1215 αῦται

220 1259 253 1322 αῖ
282 1257 388 1323 πόλεις
417 1255 498 1336 ἦσαν
526 1254 607 1333 παρὰ
635 1257 791 1334 βασιλέως
817 1255 972 1342 Γογγύλῳ,
1003 1257 1049 1319 δτι
1075 1256 1167 1337 μόνος
1192 1253 1372 1336 Ἐρετριέων

215 1362 349 1443 ’μηδίσας
366 1361 488 1444 ἔφυγεν.
534 1357 584 1424 Cf.
602 1356 715 1425 Αινιιί).
732 1360 788 1425 vii
807 1360 835 1425 8.
852 1359 881 1421 8.

671 1614 926 1674 'rhomintoklen

498 1760 565 1827 Ηῖο
586 1760 768 1827 οιίοιύίοιιο
788 1759 832 1827 in
853 1761 904 1829 θιο
927 1760 1095 1846 Αίραύαιι.

267 1902 320 1956 24.
343 1889 512 1956 ταινία
533 1910 691 1968 111‚112,
710 1911 781 1957 121.

266 2025 319 2080 25.
342 2012 429 2077 Plut.
452 2012 492 2078 de
513 2011 593 2078 Her.
616 2011 698 2076 mal.
718 2031 762 2090 40
781 2011 871 2100 (Είίι.
894 2014 952 2095 871
967 2009 1025 2098 C):
1051 2017 1122 2077 Τῶν
1144 2014 1246 2077 τοίνυν
1268 2012 1374 2076 αίτιῶν

222 2126 285 2184 τῶν
307 2116 381 2182 κατὰ
400 2115 644 2197 Θεμιστοκλέους
668 2117 777 2198 άνέδην
799 2119 987 2198 ἐμφορηθείς,
1010 2118 1045 2180 έν
1066 2118 1112 2184 οῖς
1134 2115 1301 2181 κλέπτοντα
1324 2115 1375 2178 καὶ

223 2225 462 2288 πλεονεκτοῦντα
475 2220 574 2305 λάθρη
588 2226 650 2286 τῶν
664 2219 771 2285 ἄλλων
786 2224 963 2303 στρατηγῶν
975 2220 1010 2285 ού
1025 2228 1102 2300 φησι
1113 2219 1291 2283 παύσασθαι
1306 2218 1376 2293 περὶ

223 2328 278 2392 τὰς
293 2323 404 2404 νήσους
420 2331 505 2389 κ.τ.λ.

266 2444 321 2510 Id.
338 2442 446 2509 Τάνιν.
464 2461 513 2511 ιι.
558 2442 621 2509 See
635 2442 741 2509 below
758 2454 813 2508 29.

464 2594 527 2662 The
550 2594 681 2682 Temple
702 2594 742 2679 os
759 2596 910 2661 Artemis
933 2595 1135 2661 Αιύςθοδιιία.

269 2738 323 2791 26.
346 2725 433 2790 Ρίυδ.
454 2725 494 2791 de
511 2725 593 2791 Her.
608 2725 690 2790 mal.
707 2741 747 2811 37
769 2724 858 2813 (Είίι.
875 2726 936 2810 869
954 2724 1015 2813 Q:
1043 2732 1106 2790 Τοῦ
1130 2724 1375 2806 Θεμιστοκλέους

225 2833 442 2913 βουλεύματος,
452 2830 469 2894 ῦ
480 2830 653 2907 βουλεύσας
667 2831 703 2916 τῇ
717 2827 845 2894 Ἑλλάδι
859 2833 1049 2914 ναυμαχῆσαι
1065 2836 1123 2912 πρδ
1138 2833 1191 2908 τῆς
1202 2832 1376 2907 Σαλαμῖνος

227 2935 367 3014 ἱδρύσατο
389 2934 461 2999 ναὸν
478 2932 718 3014 Ἀριστοβούλης
741 2935 914 3015 Ἀρτέμιδος
936 2935 970 2998 έν
992 2935 1121 3021 Μελίτη,
1142 2939 1193 2998 τοῦ
1214 2931 1375 3014 βαρβάρου

226 3036 536 3115 καταπολεμηθέντος.

269 3156 323 3222 Id.
341 3154 449 3222 Γίιιυι.
468 3175 518 3223 22.
565 3156 819 3223 8ουδο1οττ29.

506 3318 575 3384 Ηὶς
596 3318 722 3405 αίίοροά
744 3318 890 3385 Troum
911 3319 985 3385 and
1008 3318 1093 3386 Γοίί.

269 3460 321 3514 27.
346 3447 447 3514 Thuo.
462 3446 485 3512 i.
507 3461 605 3535 1354
611 3447 662 3534 38.

270 3581 325 3635 28.
347 3566 445 3634 Diod.
461 3569 507 3633 xi.
523 3584 584 3653 54:
611 3568 679 3633 Ἐπ’
702 3568 848 3651 άρχοντνς
869 3566 895 3632 δ’
917 3566 1065 3648 Ἀθήνησι
1089 3567 1279 3650 Πραξιίργου
1301 3610 1309 3628 .
1334 3613 1342 3629 .
1367 3614 1375 3630 .

226 3672 276 3761 (2)
290 3673 521 3752 Λακεδαιμόνιοι
543 3674 574 3736 δὲ
597 3675 725 3756 ὁρῶντες
747 3672 803 3751 τὴν
823 3674 879 3754 μὲν
895 3671 1036 3754 Σπάρτην
1058 3671 1108 3737 διὰ
1129 3671 1184 3751 τὴν
1199 3669 1377 3734 Παυσανίου

227 3781 278 3841 τοῦ
301 3782 470 3859 στρατηγοῦ
492 3777 657 3859 προδοσίαν
679 3779 826 3842 ταπεινῶς
848 3773 1049 3858 πράττουσαν,
1065 3775 1133 3842 τοὺς
1151 3778 1183 3840 δὲ
1198 3772 1377 3853 Ἀθηναίους

227 3882 454 3961 εὐδοκιμοῦντας
483 3880 532 3944 διὰ
559 3879 594 3943 τὸ
625 3878 739 3960 μηδένα
768 3876 837 3959 παρ’
866 3879 967 3946 αὐτοῖς
996 3881 1125 3958 πολίτην
1154 3876 1204 3943 ἐπὶ
1231 3878 1378 3962 προδοσίᾳ

227 3988 443 4067 κατεγνῶσθαι,
466 3983 613 4047 ἔσπευδον
634 3985 687 4048 τὰς
712 3980 842 4061 Ἀθήνας
871 3988 937 4050 ταῖς
969 3985 1084 4065 ὁμοίαις
1107 3985 1288 4065 περιβαλεῖν
1310 3986 1377 4045 δια-

226 4092 349 4168 βολαῖς.
394 4083 442 4172 (3)
466 4088 569 4167 διόπερ
591 4086 816 4163 εὐδοκιμοῦντος
838 4086 908 4168 παρ’
935 4087 1035 4154 αύτοῖς
1058 4084 1303 4167 Θεμιστοκλέους
1327 4083 1377 4148 καῖ

226 4191 364 4272 μεγάλην
386 4189 478 4268 δόξαν
504 4189 629 4272 ἔχοντος
658 4188 704 4253 ἐπ’
726 4189 824 4275 ἀρετῇ,
850 4190 1059 4272 κατηγόρησαν
1085 4189 1250 4271 προδοσίαν
1276 4187 1378 4266 αὐτοῦ,

227 4292 397 4376 φάσκοντες
413 4294 509 4374 φίλον
523 4293 667 4374 γενέσθαι
684 4297 736 4357 τοῦ
752 4296 930 4359 Παυσανίου
944 4292 1099 4377 μέγιστον,
1116 4296 1164 4357 καὶ
1179 4295 1255 4371 μετδ
1272 4290 1378 4355 τούτου

227 4401 438 4461 συντεθεῖσθαι
454 4394 537 4484 κοινῇ
552 4400 715 4479 προδοῦναι
729 4397 784 4477 τὴν
794 4395 931 4463 Ἑλλάδα
944 4399 984 4482 τῶ
999 4397 1109 4484 Ξέρξη.
1140 4394 1188 4484 (4)
1203 4394 1378 4478 διελέγοντο

228 4505 261 4566 δὲ
285 4498 417 4568 καὶτοῖς
440 4501 560 4584 ἐχθροῖς
581 4507 634 4566 τοῦ
657 4501 910 4583 Θεμιστοκλέους,
933 4500 1151 4586 παροξύνοντες
1174 4498 1279 4566 αὐτοὺς
1303 4503 1379 4581 πρὸς
