3000 5046
203 377 264 440 ²54
601 362 933 422 sloesarmcar.
1233 375 1362 442 [esur

204 586 280 631 cum
310 585 375 651 quo
409 563 440 628 ei
472 561 656 648 hospitium
690 581 762 624 noa
795 567 876 640 erat,
906 560 1064 646 confugit.
1109 559 1157 648 (4)
1186 559 1252 626 huo
1281 582 1358 627 oum

204 669 351 735 venisset
371 668 459 732 etin
479 663 666 752 praesentia
680 686 738 729 rex
760 665 980 750 obessetque
1000 664 1124 729 maiore
1143 663 1301 749 religione
1322 685 1358 729 se

203 778 370 858 receptum
385 777 544 849 tueretur,
559 769 666 834 filium
683 768 755 833 eius
770 767 949 854 parvulum
968 767 1111 853 arripuit
1124 773 1159 832 et
1173 788 1249 832 cum
1267 789 1305 833 eo
1321 788 1357 832 se

203 876 240 942 in
269 875 462 954 sacrarium,
490 874 579 960 quod
611 894 741 936 summa
770 871 941 937 colebatur
969 870 1177 948 caerimonia,
1207 871 1356 938 coniecit.

202 979 281 1046 inde
298 1001 366 1046 non
380 979 473 1067 prius
488 999 637 1064 egressus
648 983 707 1053 est,
719 998 817 1062 quam
829 999 889 1041 rex
901 998 977 1041 eum
991 975 1070 1040 data
1081 975 1197 1040 dextm
1208 975 1244 1039 in
1256 975 1356 1041 fidem

111 1074 116 1083 ’
202 1084 372 1170 reciperet,
388 1104 487 1169 quam
507 1081 687 1168 praestitit.
733 1079 779 1167 (5)
794 1102 872 1145 nam
892 1101 968 1145 cum
988 1080 1031 1144 ab
1046 1078 1304 1144 Atheniensibus
1321 1086 1356 1144 et

203 1187 472 1254 Lacedaemoniis
495 1191 727 1270 exposceretur
749 1184 890 1271 publice,
910 1183 1094 1271 supplicem
1118 1205 1185 1248 non
1207 1183 1356 1269 prodidit

202 1293 400 1378 monuitque
429 1296 468 1354 ut
497 1288 683 1356 consuleret
712 1287 796 1353 sibi:
834 1287 965 1353 difficile
993 1288 1081 1352 enim
1114 1309 1184 1353 esse
1218 1286 1253 1351 in
1284 1293 1355 1352 tam

202 1396 391 1483 propinquo
405 1395 476 1460 loeo
492 1400 567 1460 tuto
583 1416 658 1459 eum
673 1393 808 1459 versari.
848 1392 962 1479 itaque
977 1392 1129 1477 Pydnam
1146 1413 1222 1456 eum
1237 1391 1353 1456 deduci

202 1500 300 1567 iussit
322 1506 355 1566 et
377 1500 464 1585 quod
487 1498 568 1564 satis
591 1505 677 1564 esset
699 1496 856 1585 praesidii
878 1498 980 1562 dedit.
1022 1495 1071 1583 (6)
1092 1496 1148 1561 hic
1170 1496 1206 1559 in
1232 1517 1354 1560 navem

202 1604 356 1669 omnibus
366 1603 500 1686 ignotus
510 1603 623 1668 nautis
634 1601 790 1667 escendit.
818 1623 988 1688 quaecum
1000 1605 1197 1686 tempestate
1207 1599 1354 1665 maxima

202 1706 340 1772 Naxum
358 1707 508 1784 ferretur,
524 1707 582 1772 ubi
600 1713 674 1771 tum
692 1705 945 1772 Atheniensium
968 1711 1041 1770 erat
1063 1704 1237 1782 exercitus,
1251 1703 1355 1768 sensit

202 1811 446 1889 Themistocles,
472 1812 502 1876 si
530 1834 568 1877 eo
599 1811 813 1897 pervenisset,
841 1810 907 1876 sibi
934 1831 1004 1875 esse
1030 1809 1245 1896 pereundum.
1290 1808 1354 1874 hae

201 1915 397 1983 necessitate
415 1923 546 1983 coactus
562 1916 696 1980 domino
717 1916 822 1991 navis,
838 1914 911 2000 quis
932 1916 986 1981 sit.
1002 1914 1118 2000 aperit.
1133 1913 1241 1978 mults
1255 1912 1354 1999 polli-

201 2041 287 2097 cens,
312 2021 342 2085 si
375 2044 409 2087 se
438 2027 673 2087 conservasset.
719 2019 767 2106 (7)
794 2026 830 2084 at
859 2019 915 2083 ille
945 2018 1119 2085 clarissimi
1147 2017 1212 2082 viri
1237 2023 1354 2103 captus

201 2124 426 2190 misericordia
445 2124 533 2190 diem
554 2130 749 2209 noctemque
769 2122 945 2209 proculab
965 2122 1075 2186 insula
1089 2123 1124 2184 in
1140 2121 1211 2187 salo
1231 2142 1352 2186 navem

200 2228 311 2293 tenuit
337 2228 374 2292 in
399 2228 529 2292 ancoris
552 2248 659 2313 neque
682 2248 881 2312 quemquam
908 2248 949 2291 ex
973 2248 1012 2290 ea
1036 2224 1127 2290 exire
1152 2245 1270 2309 passus
1292 2230 1353 2289 est.

201 2330 279 2395 inde
294 2330 458 2415 Ephesum
476 2330 630 2417 pervenit
644 2329 757 2415 ibique
772 2330 1027 2396 Themistoclem
1043 2329 1190 2415 exponit.
1224 2329 1277 2395 cui
1294 2329 1352 2394 ille

199 2433 404 2517 promeritis
421 2440 535 2519 postea
551 2435 693 2520 gratiam
709 2434 848 2499 rettulit.

245 2558 275 2619 9.
315 2536 390 2602 Scio
432 2536 605 2624 plerosque
647 2538 695 2602 ita
735 2537 914 2624 scripsisse,
954 2536 1204 2602 Themistoclem
1242 2537 1352 2602 Xerxe

200 2647 360 2727 regnante
383 2641 420 2706 in
435 2642 550 2706 Asiam
568 2641 735 2707 transisse.
780 2641 836 2707 sed
855 2663 914 2728 ego
936 2641 1149 2727 potissimum
1164 2641 1352 2728 Thucydidi

199 2743 305 2820 credo,
320 2746 409 2830 quod
427 2751 456 2810 et
473 2751 581 2810 aetate
604 2745 775 2830 proximus
798 2745 837 2810 de
861 2745 912 2818 iis,
928 2745 985 2830 qui
1008 2744 1142 2809 illorum
1165 2751 1351 2831 temporum

199 2847 371 2913 historiam
392 2848 603 2935 reliquerunt,
619 2855 654 2913 et
672 2848 819 2913 eiusdem
840 2848 987 2914 civitatis
1002 2848 1077 2913 fuit.
1121 2848 1150 2912 is
1170 2855 1281 2913 autem
1302 2848 1352 2913 ait

199 2951 241 3017 ad
255 2951 463 3017 Artaxerxen
478 2974 552 3016 eum
565 2952 696 3017 venisse
710 2959 810 3038 atque
825 2952 876 3017 his
887 2952 997 3016 verbis
1012 2951 1191 3036 epistulam
1206 2952 1349 3017 misisse:

199 3053 248 3141 (2)
278 3054 532 3122 ‘Themistocles
564 3057 642 3120 veni
673 3057 715 3121 ed
745 3063 788 3129 te,
819 3055 877 3141 qui
905 3054 1050 3141 plurima
1082 3057 1173 3121 malo
1201 3056 1349 3121 omnium

200 3158 373 3225 Graiorum
394 3160 430 3224 in
451 3161 586 3224 domum
606 3166 700 3224 tuam
723 3158 830 3236 intuli,
851 3159 1009 3244 quamdiu
1030 3159 1113 3223 mihi
1134 3182 1264 3225 necesse
1284 3160 1351 3224 fuit

198 3264 378 3328 adversum
401 3269 529 3350 patrem
548 3270 645 3328 tuum
667 3262 789 3328 bellare
807 3263 1017 3349 patriamque
1040 3286 1146 3328 meam
1169 3263 1351 3328 defendere.

199 3363 248 3452 (3)
263 3366 349 3432 idem
371 3367 477 3433 multo
497 3368 594 3453 plura
614 3366 703 3431 bona
717 3366 789 3444 feei,
805 3373 980 3453 postquam
1002 3367 1038 3430 in
1059 3373 1134 3432 tuto
1155 3367 1224 3452 ipse
1243 3374 1277 3432 et
1294 3367 1350 3431 ille

198 3469 235 3535 in
260 3471 405 3556 periculo
431 3492 501 3536 esse
527 3471 647 3556 coepit.
692 3492 772 3535 nam
798 3492 873 3535 cum
900 3471 936 3534 in
961 3470 1077 3535 Asiam
1103 3472 1227 3535 reverti
1250 3471 1351 3536 vellet

198 3574 324 3659 proelio
339 3574 428 3659 apud
444 3573 614 3639 Salamina
629 3573 728 3652 lacto,
742 3573 865 3639 litteris
883 3596 958 3639 eum
978 3575 1151 3640 certiorem
1166 3575 1228 3640 feci
1246 3574 1281 3638 id
1296 3574 1351 3660 agi

198 3682 239 3742 ut
255 3698 347 3762 pons,
362 3699 460 3763 quem
483 3678 521 3741 in
539 3676 760 3763 Hellesponto
783 3677 912 3752 fecerat,
928 3677 1163 3743 dissolveretur
1185 3684 1284 3762 atque
1305 3676 1350 3742 ab

197 3777 350 3845 hostibus
369 3778 614 3845 circumiretur:
642 3803 707 3866 quo
727 3780 844 3846 nuntio
865 3780 922 3845 ille
942 3780 1090 3865 periculo
1111 3785 1162 3846 est
1180 3780 1349 3846 liberatus.

198 3880 248 3970 (4)
270 3904 359 3947 nunc
386 3888 499 3947 autem
526 3883 662 3969 confugi
684 3883 726 3948 ad
749 3890 783 3949 te
805 3885 997 3971 exagitatus
1017 3907 1037 3949 a
1059 3891 1178 3950 cuncta
1201 3885 1350 3962 Graecia,

197 3991 292 4052 tuam
310 3990 426 4070 petens
443 3985 645 4052 amicitiam:
673 4009 772 4072 quam
791 3988 819 4051 si
838 4009 893 4052 ero
911 3986 1060 4073 adeptus,
1077 4010 1143 4052 non
1164 3989 1277 4053 minus
1298 4009 1350 4052 me

196 4088 486 4155 bonumamicum
506 4088 652 4169 habebis,
667 4112 767 4177 quam
783 4090 900 4156 fortem
922 4091 1094 4156 inimicum
1116 4092 1174 4157 ille
1194 4097 1351 4177 expertus

197 4197 257 4259 est
301 4195 335 4256 te
360 4198 472 4257 autem
503 4214 592 4280 rogo,
618 4200 658 4259 ut
683 4194 724 4258 de
754 4193 796 4258 iis
822 4194 933 4274 rebus,
960 4216 1042 4281 quas
1071 4202 1181 4260 tecum
1208 4195 1350 4281 colloqui

196 4302 287 4423 volo,
300 4324 449 4370 annuum
471 4304 556 4371 mihi
573 4311 703 4393 tempus
727 4305 786 4371 des
809 4326 912 4391 eoque
929 4312 1099 4372 transacto
1121 4308 1164 4372 ad
1186 4313 1220 4371 te
1236 4306 1350 4371 venire

194 4412 427 4579 pili-nguine
448 4532 508 4579 rex
530 4511 635 4577 animi
660 4511 926 4599 magnitudinem
950 4512 1120 4580 admirans
1146 4513 1348 4601 cupiensque
