3000 5046
171 399 314 463 τεο-ιιι]
490 390 576 449 τιτι·
604 391 817 450 WESTERN
841 391 1017 451 οκσῑκε.
1260 406 1321 467 353

170 588 244 664 μετὰ
259 587 315 666 τὴν
334 586 463 669 εὐωχίαν
483 590 512 650 οἱ
532 588 587 666 μέν
606 587 696 651 ἀλλοι
717 589 916 671 χωρισθέντες
939 588 1132 660 ἀνεπαύοντο,
1148 589 1246 666 οἱμὲν
1262 588 1320 652 ὑπὸ

170 694 232 757 τοῖς
256 688 386 769 δένδροις
409 690 448 757 ῶς
472 692 564 773 ἀγροῦ
586 688 812 772 παρακειμένου,
828 692 858 755 o!
881 689 906 755 δ’
923 692 983 768 όπη
998 690 1173 770 βούλοιντο,
1189 691 1278 759 αύτδς
1293 691 1319 756 δ’

170 794 288 871 ἔμεινεν
307 791 358 857 ἐπὶ
379 798 432 858 τοῦ
454 794 549 858 τόπου
572 791 622 875 ἐφ’
638 794 728 876 οὕπερ
751 792 949 858 κατεκέκλιτο.
994 793 1034 860 ὥς
1056 792 1082 858 δ’
1095 793 1208 876 ἡμέρας
1230 821 1318 878 γενη-

170 898 273 975 θείσης
303 896 518 977 ἐξανέστησαν,
542 897 597 978 ούχ
629 896 733 978 εύρέθη
764 898 864 978 μόνος.
910 896 1088 977 ζητουμένου
1118 898 1151 961 δέ
1181 894 1230 961 καὶ
1260 902 1320 964 τῶν

169 1002 293 1064 οἰκετῶν
309 1001 548 1083 ἀνακρινομένων
564 998 612 1065 καὶ
627 1000 806 1081 φασκόντων
820 1001 861 1083 μή
878 1000 998 1078 είδέναι,
1015 1002 1058 1067 εἷς
1079 1026 1125 1067 τις
1142 1001 1202 1082 ἔφη
1217 1008 1319 1078 μεσῶν

168 1111 282 1169 νυκτῶν
304 1108 407 1185 φωνῆς
428 1104 646 1186 ὑπερμεγέθους
668 1105 795 1169 ἀκοῦσαι
817 1104 1084 1185 προσκαλουμένης
1101 1104 1317 1186 Ἐμπεδοκλέα,

169 1207 221 1271 εἶτ’
237 1206 403 1287 ἐξαναστὰς
420 1208 580 1291 ἑωρακέναι
603 1214 670 1289 φῶς
688 1207 826 1289 ούράνιον
844 1207 894 1272 καὶ
913 1207 1081 1288 λαμπάδων
1097 1209 1222 1292 φέγγος,
1237 1209 1317 1272 ἀλλο

168 1314 200 1375 δὲ
214 1311 317 1391 μηδέν·
340 1318 399 1376 τῶν
422 1312 449 1377 δ’
471 1309 520 1376 ἐπὶ
542 1313 584 1399 τῶ
608 1311 759 1398 γενομένω
782 1311 1003 1395 ἐκπλαγέντων,
1020 1315 1155 1393 καταβὰς
1175 1313 1192 1374 δ
1212 1316 1317 1376 Παυσ-

168 1417 252 1481 ανίας
284 1416 403 1498 ἔπεμψέ
427 1441 510 1483 τινας
535 1414 727 1494 ζητήσοντας.
771 1417 898 1495 ύστερον
924 1414 950 1479 δ’
976 1415 1113 1481 έκῶλυσε
1142 1422 1317 1498 πολυπραγ-

166 1523 278 1597 μονεῖν,
309 1519 438 1600 φάσκων
467 1519 560 1604 εύχής
589 1518 660 1599 ἀξια
692 1520 921 1601 συμβεβηκέναι
960 1516 1009 1583 καὶ
1039 1520 1121 1584 θύειν
1150 1518 1228 1604 αύτῷ
1255 1523 1317 1584 δεῖν

167 1620 329 1703 καθαπερεὶ
350 1626 490 1706 γεγονότι
517 1624 584 1709 θεῷ.
629 1621 699 1708 (69)
718 1621 890 1704 Ἕρμιππος
915 1622 949 1687 δέ
971 1630 1049 1705 φησι
1075 1621 1229 1687 Πάνθειάν
1250 1648 1317 1687 τινα

165 1724 400 1808 Ἀκραγαντίνην
419 1724 649 1806 ἀπηλπισμένην
673 1728 730 1790 ύπδ
750 1733 809 1790 τῶν
830 1727 940 1807 ἰατρῶν
963 1729 1146 1807 θεραπεῦσαι
1162 1725 1252 1790 αύτδν
1268 1724 1316 1790 καί

166 1832 215 1893 διδ
230 1834 317 1894 τοῦτο
335 1829 389 1909 τήν
410 1832 517 1895 θυσίαν
536 1834 694 1895 ἐπιτελεῖν·
735 1829 803 1895 τοὺς
825 1831 858 1894 δέ
880 1828 1046 1908 κληθέντας
1067 1828 1143 1892 εἶναι
1158 1828 1232 1909 πρὸς
1247 1828 1315 1897 τοὺς

165 1933 358 2015 ὀγδοήκοντα.
402 1933 586 2015 Ἱππόβοτος
608 1932 641 1998 δέ
654 1941 751 2015 φησιν
767 1931 974 2012 έξαναστάντα
992 1931 1083 1997 αύτδν
1101 1931 1260 1997 ὡδευκέναι
1276 1932 1316 2001 ὧς

165 2034 215 2100 ἐπὶ
238 2037 292 2115 τὴν
313 2040 436 2117 Αἴτνην,
460 2038 526 2102 εἶτα
547 2037 791 2119 παραγενόμενον
813 2034 863 2100 έπί
885 2035 954 2102 τοὺς
977 2039 1123 2117 κρατῆρας
1149 2041 1202 2100 τοῦ
1224 2035 1316 2116 πυρός

165 2139 325 2205 ἐναλέσθαι
357 2139 406 2205 καί
437 2142 651 2222 ἀφανισθῆναι,
680 2139 872 2219 βουλόμενον
904 2139 959 2218 τήν
988 2136 1057 2219 περὶ
1087 2140 1176 2202 αὑτοῦ
1210 2138 1315 2220 φήμην

164 2250 338 2323 βεβαιῶσαι
355 2246 402 2308 ὅτι
417 2244 539 2328 γεγόνοι
560 2244 637 2320 θεός,
651 2244 777 2325 ὕστερον
798 2244 831 2307 δέ
851 2245 1033 2325 γνωσθῆναι,
1048 2242 1315 2323 ἀναρριπισθείσης

164 2346 254 2410 αὐτοῦ
275 2353 345 2427 μιᾶς
370 2355 431 2412 τῶν
455 2348 614 2430 κρηπίδων·
644 2351 763 2431 χαλκᾶς
783 2343 841 2429 γὰρ
867 2348 983 2410 εἴθιστο
1008 2346 1195 2410 ὑποδεῖσθαι.
1240 2351 1315 2429 πρδς

163 2451 243 2513 τοῦθ’
259 2454 275 2515 ό
291 2453 467 2518 Παυσανίας
483 2450 637 2533 ἀντέλεγε.

205 2598 277 2653 102.
300 2587 422 2654 Suidas
452 2589 681 2668 Ἐμπεδοκλῆςι
718 2584 785 2652 ἐπεὶ
820 2588 853 2651 δέ
886 2593 1010 2669 γηροιδς
1040 2584 1170 2669 ἐγένετο,
1200 2587 1314 2671 νύκτωρ

162 2692 286 2774 ἔρριψεν
302 2694 407 2758 ἑαυτὸν
430 2695 474 2760 είς
495 2697 626 2792 κρατῆρα
646 2692 745 2774 τυρός,
760 2693 841 2755 ὥστε
856 2690 896 2769 μὴ
912 2693 1045 2772 φανῆναι
1060 2690 1200 2754 αὐτοῦτὸ
1215 2697 1312 2773 σῶμα.

162 2793 210 2859 καὶ
222 2798 314 2863 ούτως
325 2797 472 2874 ἀπύλετο,
484 2805 536 2865 τοθ
551 2796 717 2861 σανδολίου
732 2795 821 2858 αὐτοῦ
833 2793 1054 2876 ἐκβρασθέντας
1068 2793 1127 2857 ύπδ
1141 2798 1194 2857 τοῦ
1208 2794 1311 2875 πυρός.

204 2945 276 3000 193.
299 2933 440 3001 Suidas:
463 2934 611 3016 Ἀμύκλαι
636 2984 643 2999 .
667 2982 675 2998 .
700 2983 707 2998 .
731 2932 765 3000 δς
783 2932 909 3014 ἔρριψεν
929 2935 1034 2996 ἑαυτὸν
1051 2930 1165 3013 νύκτωρ
1185 2932 1229 2998 είς
1243 2931 1312 2998 τοὺς

161 3042 305 3120 κρατῆρος
325 3046 378 3103 τοῦ
394 3040 535 3105 Αἰτναίου
553 3037 654 3119 πυρός,
676 3038 714 3104 ὡς
735 3037 776 3116 μὴ
793 3041 925 3118 φανῆναι
942 3034 1033 3100 αύτοῢ
1048 3035 1083 3100 τδ
1098 3040 1197 3117 σῶμα,
1211 3040 1263 3100 τοῦ
1277 3037 1311 3100 δέ

160 3147 325 3206 σανδαλίου
340 3142 430 3206 αύτοῦ
445 3143 667 3223 ἐκβρασθέντας
682 3143 702 3185 *
718 3138 738 3184 *
754 3138 784 3205 *.

202 3289 275 3344 194.
298 3278 394 3365 Diog.
418 3279 526 3343 Laert.
542 3278 613 3341 viii.
639 3295 700 3359 71:
732 3279 815 3360 Πρὸς
840 3279 873 3342 δὲ
896 3284 949 3342 τὸν
972 3273 1174 3360 Ἡρακλείδην
1201 3275 1249 3341 καί
1275 3275 1314 3356 έξ

159 3383 304 3461 ὀνόματος
319 3388 448 3447 ποιεῖται
464 3384 519 3460 τὴν
539 3382 712 3462 ἀντίρρησιν
729 3383 762 3446 έν
782 3380 818 3470 τῇ
833 3380 966 3468 τετάρτη·
1002 3380 1191 3461 Συρακόσιόν
1204 3406 1238 3445 τε
1252 3381 1311 3463 γὰρ

159 3487 236 3551 εἶναι
258 3492 310 3551 τὸν
328 3484 536 3550 Πεισιάνακτα
559 3482 608 3549 καὶ
629 3487 722 3565 ἀγρὸν
744 3484 796 3548 ούκ
817 3484 900 3565 ἔχειν
924 3486 956 3547 έν
974 3480 1163 3565 Ἀκράγαντι·
1202 3487 1309 3546 Παυσ-

158 3592 246 3656 ανίαν
269 3616 301 3654 τε
324 3593 468 3672 μνημεῖον
490 3587 528 3652 δν
549 3588 744 3664 πεποιηκέναι
766 3593 818 3652 τοῦ
840 3588 942 3664 φίλου,
960 3586 1096 3650 τοιούτου
1118 3585 1310 3654 διαδοθέντος

157 3695 260 3775 λόγου,
275 3691 294 3773 ή
310 3692 498 3777 ἀγαλμάτιόν
512 3719 541 3757 τι
560 3690 579 3771 ἢ
600 3697 697 3771 σηκδν
719 3693 770 3757 οἷα
792 3696 871 3756 θεοῦ·
906 3687 956 3754 καὶ
977 3687 1036 3774 γάρ
1058 3690 1207 3755 πλούσιον
1221 3690 1307 3756 εἶναι.

158 3803 175 3832 “
187 3805 259 3865 Πῶς
274 3799 334 3874 οὖν,
350 3798 457 3879 φησίν,
476 3799 518 3863 είς
540 3794 609 3864 τοὺς
630 3798 774 3879 κρατῆρας
796 3795 893 3874 ήλατο
916 3797 958 3859 ῶν
981 3793 1020 3860 ῶς
1043 3793 1190 3876 σύνεγγυς
1213 3796 1309 3860 ὄντων

157 3903 224 3968 οὐδὲ
245 3904 349 3984 μνείαν
371 3905 444 3966 ποτὲ
468 3901 653 3978 πεποίηται,·
690 3896 761 3988 (72)
783 3897 995 3975 τετελεύτηκεν
1018 3896 1071 3962 ούν
1092 3899 1125 3962 έν
1145 3902 1307 3963 Πελοπον-

156 4006 248 4093 νήσῳ.
293 4007 378 4072 οὐδὲν
400 4007 432 4070 δέ
459 4003 630 4086 παράδοξον
650 4003 749 4085 τάφον
772 4002 863 4067 αύτοῢ
883 4002 925 4082 μὴ
948 4003 1121 4084 φαίνεσθαι·
1151 4005 1228 4081 μηδὲ
1248 4006 1308 4086 γδρ

156 4112 261 4174 ἀλλων
275 4108 430 4176 πολλῶν.”
467 4107 592 4174 τοιαῦτά
612 4134 678 4174 τινα
700 4109 794 4173 είπδν
815 4107 976 4188 όΤίμαιος
995 4103 1143 4184 ἐπιφέρει·
1181 4103 1307 4171 “Ἀλλδ

156 4213 205 4278 διὰ
227 4215 340 4280 παντός
362 4215 448 4277 ἐστιν
467 4209 666 4293 Ἡρακλείδης
692 4216 825 4275 τοιοῦτος
852 4207 1104 4291 παραδοξολόγος,
1127 4207 1176 4273 καί
1198 4210 1232 4274 έκ
1254 4212 1306 4288 τῆς

156 4315 287 4396 σελήνης
312 4315 499 4381 πεπτωκέναι
525 4315 682 4399 ἄνθρωπον
703 4314 828 4397 λέγων.”
871 4311 1053 4391 Ἱππόβοτος
1075 4311 1109 4377 δέ
1134 4319 1231 4394 φησιν
1258 4314 1305 4378 ότι

156 4419 276 4501 ἀνδριὰς
311 4418 564 4500 ἐγκεκαλυμμένος
598 4415 840 4497 Ἐμπεδοκλέους
873 4418 970 4482 ἔκειτο
1005 4416 1150 4497 πρότερον
1183 4417 1240 4496 μὶν
1271 4416 1304 4481 έν

155 4523 343 4606 Ἀκράγαντι,
364 4524 491 4604 ὕστερον
513 4524 545 4586 δέ
570 4522 628 4605 πρὸ
654 4527 707 4587 τοῦ
731 4519 884 4601 Ῥωμαίων
905 4519 1122 4602 βουλευτηρίου
1146 4517 1303 4601 ἀκάλυφος

696 4642 720 4690 Δ
734 4647 756 4690 8
