3000 5046
230 370 272 430 90
442 353 671 413 EXTERNAL
697 354 894 414 HISTORY
917 356 974 416 OF
994 357 1179 429 AYHENS,
1244 367 1386 434 [omn.

231 554 367 634 proptcr
391 548 604 614 acerbitatem
633 548 763 634 imperii
789 549 987 626 defecerant,
1009 550 1094 617 bsnc
1116 552 1285 620 animatas
1307 575 1386 621 con·

231 650 388 727 firmavit,
421 651 584 717 alienatas
612 652 656 717 cd
686 651 830 717 officium
859 653 967 720 redim
995 656 1114 741 coe‘git.
1159 652 1207 744 (5)
1231 656 1387 743 Scyrum,

232 776 332 841 quam
355 776 394 820 eo
415 761 563 842 temporo
590 754 734 842 Dolopes
758 754 957 835 incolebant,
975 758 1065 844 quod
1090 760 1325 827 contumacius
1350 783 1386 829 sc

231 865 409 944 gesserant,
426 859 619 937 vacuefecit,
630 880 833 946 possessores
848 868 975 927 veteres
991 861 1073 929 urbc
1087 863 1265 951 insulaque
1276 865 1385 943 ciccit,

231 984 327 1048 cgros
341 961 470 1028 civibus
485 962 609 1028 divisit.

276 1109 331 1164 ³0.
355 1098 450 1166 Pcus,
466 1099 488 1164 i.
507 1116 557 1184 17.
573 1102 615 1164 6:
635 1097 674 1165 '0
691 1102 747 1180 μέν
763 1103 799 1181 δή
816 1100 947 1180 Θησέως
962 1102 1056 1183 σηκὸς
1070 1102 1245 1184 ’Λθηναίοις
1261 1107 1383 1189 ἐγένετο

231 1202 391 1285 ὕστερονή
408 1208 508 1284 Μῆδοι
523 1209 689 1289 Μαραθᾶνι
710 1206 815 1290 ἔσχον,
835 1207 972 1285 Κίμωνος
986 1212 1039 1272 τοᾶ
1054 1207 1227 1274 Μιλτιάδου
1242 1211 1385 1293 Σκυρίους

231 1305 416 1387 ποιήσαντος
439 1308 632 1389 ᾶνιιστάτους,
647 1310 732 1390 δίκην
753 1309 790 1390 δή
813 1314 867 1372 τοῦ
887 1307 1017 1388 Θησέως
1032 1311 1171 1391 θανάτου,
1187 1312 1237 1378 καί
1252 1313 1290 1378 τά
1305 1315 1385 1378 ὀστᾶ

232 1412 412 1489 κομίσαντος
427 1415 457 1479 ἐς
471 1411 608 1493 Ἀθήνας.

276 1560 323 1615 31.
347 1550 400 1617 Id.
416 1549 462 1615 iii.
479 1570 508 1636 3.
527 1566 565 1634 7:
588 1552 641 1638 Τῷ
656 1554 784 1637 χρησμῷ
801 1555 834 1617 δέ
855 1554 897 1638 τῷ
919 1552 1071 1640 γενομένῳ
1087 1556 1336 1637 Λακεδαιμονίοις
1352 1557 1383 1623 ἐς

231 1660 285 1718 τοῦ
300 1655 448 1737 Ὀρέστου
462 1657 499 1720 τὰ
515 1657 592 1720 ὀστᾶ
614 1654 663 1721 καί
680 1653 852 1737 Ἀθηναίοις
862 1657 989 1738 ὕστερον
1004 1657 1124 1722 ἐοικότα
1139 1657 1276 1743 ἐχρήσθη
1292 1661 1383 1726 κατά-

231 1783 338 1840 γουσιν
361 1761 391 1826 ές
406 1759 537 1840 Ἀθήνας
559 1761 592 1824 ἐκ
616 1758 732 1842 Σκίρου
758 1759 876 1838 Θησέα,
899 1759 1002 1829 άλλως
1027 1762 1060 1826 δὲ
1086 1761 1140 1825 οὐκ
1165 1762 1246 1828 είναί
1269 1772 1383 1845 σφισιν

232 1865 314 1927 έλεῖν
330 1868 452 1945 Σκῦρον.
497 1865 602 1946 ὀνεῢρέ
616 1889 648 1929 τε
663 1865 699 1943 δὴ
714 1862 752 1927 τά
767 1864 844 1926 ὀστᾶ
866 1868 919 1927 τοῦ
940 1863 1070 1943 Θησέως
1091 1867 1196 1946 Κίμων
1216 1868 1234 1930 ὀ
1250 1867 1384 1932 Μιλτιά-

232 1971 293 2045 δον,
309 1970 404 2053 σοφία
419 1967 607 2051 χρησάμενος
623 1970 671 2031 καὶ
686 1967 780 2046 οὗτος,
796 1964 844 2031 καί
859 1964 922 2044 μετ’
937 1967 973 2032 οὗ
987 1968 1068 2033 πολὺ
1083 1971 1147 2034 είλε
1162 1970 1218 2051 τήν
1234 1975 1360 2053 Σκῦρον.

275 2116 329 2170 32.
352 2106 544 2171 Ae1.An'st.
565 2109 641 2190 ὖπέρ
655 2132 682 2170 τ.
699 2131 727 2170 τ.
745 2125 802 2183 241
821 2104 855 2171 J.
871 2102 987 2193 (Dind.
1005 2105 1041 2171 ii.
1062 2127 1095 2192 p.
1116 2106 1211 2196 315):
1236 2110 1344 2175 Καίτοι
1366 2112 1383 2174 ὀ

233 2211 355 2287 Θησεὺς
372 2211 478 2295 φυγάν
493 2237 525 2276 τε
542 2212 590 2275 καὶ
606 2208 784 2292 διαφθαρεὶς
806 2210 840 2274 ἐν
862 2210 897 2297 τῇ
922 2210 1025 2295 Σκύρῳ
1039 2217 1188 2278 τελευτᾶν
1202 2211 1256 2276 σιἰκ
1274 2213 1381 2297 άτιμος

232 2314 331 2392 ἔμεινε
347 2319 425 2397 παρὰ
441 2316 482 2401 τῷ
498 2315 566 2401 θεῷ,
582 2312 652 2380 ἀλλ’
667 2313 812 2397 ἐπέταξεν
832 2314 1005 2394 ’Λθηναίοις
1025 2321 1216 2400 μετενεγκεῖν
1236 2315 1328 2383 αὗτοΰ
1344 2317 1382 2382 τᾶ

232 2418 319 2493 ὀστᾶ,
335 2424 465 2486 πολλοῖς
480 2421 607 2502 ὕστερον
621 2418 752 2502 χρόνοις,
771 2419 812 2485 ὥς
827 2426 934 2499 φασιν.

275 2566 327 2623 33.
351 2556 461 2622 Schol.
477 2557 523 2622 ad
537 2557 594 2623 loc.
609 2554 726 2645 (Dind.
741 2555 789 2620 iii.
805 2579 838 2644 p.
855 2555 953 2643 688):
972 2557 1123 2639 Ὕστερον
1137 2561 1170 2623 δέ
1186 2564 1277 2638 λιμοῦ
1291 2585 1382 2624 κατα-

233 2661 362 2743 σχόντος
377 2661 517 2741 Ἀθήνας,
532 2664 662 2746 ἔχρησεν
677 2665 693 2724 ὀ
707 2662 881 2739 Ἁπόλλων,
896 2664 949 2726 οὐκ
965 2660 1003 2726 άν
1017 2662 1120 2729 άλλως
1138 2663 1314 2729 παύσασθαι
1327 2664 1383 2729 τὸν

232 2772 322 2844 λιμὸν
338 2768 364 2830 εί
379 2766 420 2848 μὴ
435 2765 584 2847 Ἀθήνησι
598 2766 805 2847 μετενέγκειεν
820 2770 858 2831 τᾶ
878 2764 1008 2845 Θησέως
1022 2767 1110 2831 ὀστᾶ·
1134 2766 1169 2831 οδ
1183 2766 1348 2849 γενομένου
1363 2769 1381 2832 ὀ

232 2875 320 2949 λιμὸς
336 2872 477 2937 ἔπαυσεν.
521 2870 558 2951 ἐξ
570 2871 683 2936 ἐκείνου
697 2875 731 2936 δὲ
743 2869 900 2952 Ἀθηναῖοι
915 2869 989 2953 ήγον
1003 2873 1151 2952 μεγίστην
1165 2872 1215 2935 καὶ
1230 2874 1380 2952 δημοτελῆ

232 2971 349 3054 έορτήν,
363 2972 401 3052 ἣν
416 2973 544 3040 ἐκάλουν
559 2979 690 3053 Θησεῖα.

277 3121 331 3175 34.
354 3110 461 3176 Schol.
476 3111 512 3176 in
527 3112 583 3175 Ar.
599 3110 695 3178 Plut.
711 3113 791 3192 627:
812 3110 857 3175 Ὠ
879 3116 1011 3176 πλεῖστα
1034 3113 1181 3191 Θησείοις
1195 3121 1383 3194 μεμυστιλη-

231 3216 336 3294 μένοιε
359 3263 367 3279 .
383 3264 391 3280 .
410 3264 418 3279 .
432 3219 508 3296 μετὰ
522 3216 557 3280 τὸ
572 3220 761 3301 χαρίσασθαι
776 3216 832 3296 τήν
847 3217 1048 3297 δημοκρατίαν
1061 3221 1126 3283 τοῖς
1139 3215 1313 3297 Ἀθηναίοις
1328 3223 1383 3282 τδν

233 3319 350 3398 Θησέα,
382 3321 478 3388 Λύκος
511 3346 557 3388 τις
589 3318 823 3402 συκοφαντήσας
855 3321 997 3398 ἐποίησεν
1027 3318 1299 3402 ἐξοστρακισθῆναι
1328 3322 1384 3387 τόν

231 3423 323 3505 ήρωα·
359 3427 376 3488 ὀ
399 3426 431 3489 δὲ
459 3425 699 3509 παραγενόμενος
723 3426 766 3491 είς
790 3429 905 3505 Σκῦρον
929 3426 1014 3506 διῆγε
1040 3424 1121 3506 παρὰ
1148 3423 1316 3506 Λυκομήδει
1338 3427 1381 3511 τῷ

232 3528 364 3616 δυνάστῃ
379 3533 431 3608 τῆς
447 3532 550 3609 νήσου,
566 3529 599 3597 δς
619 3529 829 3608 ζηλοτυπήσας
846 3530 963 3609 ὀναιρεῖ
985 3529 1074 3592 αὐτὸν
1091 3528 1181 3614 δόλῳ.
1224 3526 1382 3606 Ἀθηναῖοι

231 3636 263 3697 δέ
278 3632 483 3714 λοιμώξαντες
500 3631 547 3697 καί
563 3631 778 3699 κελευσθέντες
793 3634 948 3711 ἐκδικήσω
962 3631 1004 3717 τῷ
1016 3634 1126 3710 Θησεῖ,
1142 3637 1196 3696 τδν
1214 3636 1271 3710 μὲν
1285 3636 1381 3697 Λυκο-

230 3736 327 3818 μήδην
350 3739 483 3817 άνεῖλον,
505 3741 542 3801 τᾶ
565 3742 598 3804 δὲ
620 3738 697 3801 ὀστᾶ
719 3737 989 3817 μεταστειλάμενοι
1011 3738 1060 3801 καὶ
1084 3736 1119 3800 τδ
1142 3740 1279 3816 Θησεῖον
1300 3740 1382 3801 οίκο·

230 3839 418 3922 δομήσαντες
435 3843 572 3909 ίσοθέους
587 3842 665 3926 αὐτῷ
681 3844 768 3922 τιμᾶς
783 3841 935 3922 νέμουσιν.

276 3990 329 4044 35.
354 3977 438 4042 Plin.
451 3977 495 4043 N.
507 3977 554 4042 H.
563 3977 658 4045 xviii.
675 3997 720 4044 12.
731 3980 791 4063 65:
807 3977 982 4044 Hacfuerc
993 3977 1176 4043 sententiae
1187 3976 1381 4045 Alexandro

232 4080 355 4168 Magno
380 4089 549 4168 regnante,
569 4103 644 4148 cum
668 4081 852 4148 clarissima
877 4081 943 4148 fuit
965 4080 1112 4158 Graecis,
1128 4086 1229 4167 atquc
1251 4081 1288 4146 in
1309 4088 1382 4148 toto

231 4191 396 4250 tcmrum
419 4185 495 4251 orbs
517 4185 757 4272 potentissima,
776 4185 825 4251 ita
846 4192 970 4265 tamen,
985 4188 1025 4250 ut
1046 4189 1124 4251 antc
1145 4190 1287 4251 mortem
1309 4186 1382 4251 cius

231 4288 329 4353 annis
368 4289 436 4354 fere
474 4289 591 4355 CXLV
623 4289 802 4376 Sophocles
830 4296 930 4377 pocta
966 4290 1004 4354 in
1032 4288 1147 4356 fabula
1177 4288 1381 4376 'l'n'ptolcmo

231 4391 434 4459 frumentum
450 4393 604 4460 Italicum
619 4401 698 4459 ante
713 4400 834 4459 cuncta
845 4394 1035 4460 laudaverit
1044 4394 1088 4459 cd
1100 4393 1239 4460 verbum
1254 4393 1380 4460 tralata
1423 4396 1431 4411 “

230 4497 407 4578 sententis,
422 4503 451 4564 et
460 4496 682 4586 sortcmatam
696 4495 720 4562 Ι
720 4497 844 4564 taliam
851 4498 1031 4585 frumento
1046 4518 1150 4564 cerere
1164 4496 1322 4564 οαιιάίάο.
