3000 5046
139 352 285 418 273-281.]
395 345 489 404 HER
512 347 669 406 ALLIES
692 346 786 406 AND
813 348 1031 408 COLONIES.
1232 366 1290 428 149

140 541 359 621 στρατεύματος
388 543 515 605 διελθὼν
541 541 578 604 τά
600 566 634 605 τε
660 540 738 603 όστῦ
764 546 817 604 τοῦ
838 540 948 619 Ῥήσου
971 540 1120 623 κατώρυξε
1140 543 1222 624 παρὰ
1240 543 1293 610 τὸν

139 649 276 722 ποταμὸν
303 643 352 709 καί
376 645 410 708 τδ
434 645 545 729 χωρίον
563 644 799 726 άπαταφρεύσας
824 645 951 728 ἐτείχιζε
973 645 1048 728 πρὸς
1070 645 1126 725 τήν
1147 644 1292 726 σελήνην,

138 744 251 827 ἡμέρας
276 750 308 812 δέ
332 750 383 813 οῦκ
407 747 589 831 εἰργάζοντο.
635 749 682 811 καὶ
698 748 735 828 δή
751 747 805 832 [τὸ]
825 751 885 811 πῖιν
900 749 989 830 ἔργον
1004 748 1185 829 ἐξετελέσθη
1201 758 1292 831 τριῶν

138 858 262 916 νυκτῶν.
309 852 347 919 ῶς
364 855 396 916 δέ
417 855 445 916 οἰ
463 853 618 934 βάρβαροι
636 854 713 930 μετδ
733 856 813 932 τρεῖς
831 850 944 933 ἡμέρας
967 853 1110 919 ἐλθόντες
1133 859 1168 917 τὸ
1192 858 1292 937 τεῖχος

139 953 220 1019 εἶδον
245 958 453 1038 ἐγηγερμένον,
470 954 631 1021 ἐνεκάλουν
650 953 785 1037 Ἅγνωνι
808 955 848 1021 ῶς
869 956 1043 1038 παραβάντι
1066 956 1121 1023 τὰς
1143 958 1290 1026 σπονδάς·

139 1058 156 1120 ό
183 1060 215 1121 δέ
243 1059 329 1123 οῦδὲν
356 1061 415 1142 ἔφη
439 1061 561 1124 άδικεῖν·
595 1059 786 1123 σπείσασθαι
810 1057 869 1139 γὰρ
895 1064 975 1140 τρεῖς
1001 1058 1124 1140 ἡμέρας,
1151 1060 1186 1124 οῦ
1212 1068 1292 1145 τρεῖς

132 1161 254 1229 νύκτας.
290 1164 384 1249 τούτῳ
400 1164 442 1249 τῷ
456 1163 556 1248 τρόπῳ
572 1161 626 1228 τὰς
640 1159 747 1227 Ἐννέα
764 1161 850 1228 ὁδοὺς
861 1160 983 1246 ’Λγνων
998 1162 1114 1230 οἰκίσας
1130 1163 1185 1244 τήν
1199 1164 1292 1229 πόλιν

138 1261 326 1347 Ἀμφίπολιν
342 1265 499 1331 ἐκάλεσεν.

183 1398 259 1454 2¹18.
284 1386 393 1453 Schol.
415 1386 531 1452 Aeseh.
549 1405 566 1452 2
591 1386 631 1452 θα
645 1385 728 1471 sala.
751 1385 810 1471 ἰαρ.
835 1406 878 1471 34
899 1385 944 1474 (p.
961 1386 1003 1465 48
1025 1384 1162 1473 Dind.):
1185 1387 1293 1454 Ἐννέα

140 1491 237 1576 daem]-
261 1492 418 1576 ἠτύχησαν
428 1491 583 1570 Ἀθηναῖοι
596 1490 713 1557 ἐννάκις
728 1490 796 1574 περί
811 1490 865 1558 τὰς
875 1490 987 1557 Ἐννέα
998 1490 1183 1571 καλουμένας
1196 1493 1292 1570 ὁδούς,

138 1593 171 1658 ός
187 1595 254 1656 ἐστι
269 1595 362 1661 τόπος
378 1597 431 1673 τῆς
447 1591 581 1678 Θρᾴκης,
596 1593 614 1672 ἡ
631 1598 684 1657 νῦν
699 1592 869 1673 καλουμένη
887 1594 1088 1674 Χερρόνησος.
1133 1592 1292 1679 ἠτύχησαν

138 1699 170 1760 δέ
187 1696 236 1761 διὰ
250 1696 303 1764 τὰς
318 1700 472 1764 Φυλλίδος
489 1696 570 1778 ἀράς,
586 1693 605 1775 ή
623 1700 830 1776 Δημοφῶντος
847 1699 1010 1777 ἐρασθεῖσα
1026 1694 1076 1761 καί
1090 1702 1293 1780 προσδοκῶσα

137 1800 229 1867 αῦτδν
251 1800 411 1881 ἐπανήξειν
434 1801 659 1866 άποτελέσοντα
679 1799 732 1866 τὰς
747 1805 821 1882 πρὸς
837 1800 930 1880 αῦτῆν
945 1799 1093 1880 συνθήκας
1109 1798 1158 1865 καὶ
1174 1802 1291 1870 ἐννάκις

137 1901 187 1967 ἐπί
214 1910 267 1968 τὸν
292 1907 388 1970 τόπον
410 1909 551 1983 ἐλθοῦσα,
578 1904 618 1970 όις
645 1903 701 1987 οῦχ
726 1904 788 1984 ἧκε,
812 1903 1001 1986 κατηράσατο
1028 1909 1091 1971 τοῖς
1121 1901 1291 1983 Ἀθηναίοις

137 2008 316 2076 τοσαυτάκις
339 2011 490 2093 άτυχῆσαι
512 2005 581 2089 περὶ
606 2013 659 2072 τὸν
681 2009 784 2073 τόπον.
838 2007 876 2072 τά
896 2010 930 2073 δέ
949 2007 1126 2092 άτυχήματα
1151 2009 1292 2093 ἐγένοντο

138 2113 217 2178 τάδε·
255 2112 290 2177 τὸ
317 2120 437 2194 πρῶτον
461 2115 518 2193 μὲν
542 2111 752 2193 Λυσιστράτου
786 2108 835 2176 καί
864 2111 1036 2193 Λυκούργου
1066 2113 1116 2175 καί
1144 2113 1292 2195 Κρατίνου

140 2218 364 2297 στρατευόντων
379 2213 425 2280 ἐπ’
439 2214 550 2280 Ἠϊόνα
565 2215 620 2294 τήν
635 2216 685 2280 ἐπὶ
700 2215 849 2297 Στρυμόνι
861 2214 1069 2298 διεφθάρησαν
1079 2216 1137 2278 ῦπδ
1153 2218 1290 2300 Θρᾳκῶν,

140 2320 300 2400 εἰληφότες
314 2319 433 2398 Ἠϊόνα,
445 2320 496 2383 ἐπὶ
511 2319 658 2403 ἄρχοντος
671 2318 821 2399 Ἀθήνησι
833 2320 998 2384 Φαιδωνος·
1020 2317 1157 2399 δεύτερον
1171 2320 1200 2381 οἰ
1214 2318 1291 2399 μετὰ

140 2414 276 2506 Λεάγρου
299 2428 460 2506 κληροῦχοι
482 2425 533 2487 ἐπὶ
557 2422 770 2504 Λυσικράτους·
802 2423 905 2505 τρίταν
927 2423 956 2485 οἰ
977 2418 1042 2501 μετ’
1066 2419 1217 2488 Εὐκλέους
1240 2423 1290 2488 καί

140 2528 331 2591 Θουκυδίδου·
369 2526 511 2609 τέταρτον
541 2528 570 2591 οἰ
599 2529 676 2607 μετὰ
705 2524 853 2603 Κλέωνος,
881 2521 933 2590 ἐπὶ
962 2525 1108 2609 ἄρχοντος
1136 2523 1290 2590 Ἀλκαίου·

139 2631 276 2711 πέμπτον
291 2632 320 2695 οἰ
336 2632 521 2696 ἐνοικοῦντες
536 2630 647 2694 Ἠϊόνα
661 2627 818 2709 Ἀθηναῖοι
834 2626 1039 2709 ἐξηλάθησαν·
1063 2629 1151 2693 ἕκτον
1167 2629 1196 2692 οἰ
1215 2631 1291 2707 μετὰ

140 2734 269 2818 Σιμίχου
299 2739 539 2816 στρατηγοῦντος
572 2733 790 2814 διεφθάρησαν·
829 2733 971 2813 ἕβδομον,
1002 2733 1054 2795 ὅτε
1084 2733 1290 2815 Πρωτόμαχος

139 2838 298 2922 θπέτνχεν,
324 2834 557 2918 Ἀμφιπολιτῶν
582 2835 688 2901 οῦτοῦς
711 2836 906 2917 παραδόντων
931 2840 994 2901 τοῖς
1018 2834 1137 2918 ὁμόροις
1165 2834 1290 2920 Θρᾳξίν*

138 2944 247 3023 ὄγδοον
271 2941 457 3022 ἐκπεμφθεὶς
478 2942 536 3004 ὑπὸ
551 2939 702 3020 Τιμοθέου
715 2937 902 3022 Ἀλκίμαχος
914 2937 1072 3023 άπέτνχεν,
1088 2937 1177 3002 αῦτοῦ
1191 2963 1289 3020 παρα-

137 3045 242 3111 δόντος
265 3046 357 3108 αὑτὸν
381 3042 507 3129 Θρᾳξίν,
522 3044 572 3108 ἐπὶ
594 3039 798 3124 Τιμοκράτους
820 3038 988 3121 Ἀθήνησιν
1007 3041 1162 3125 ἄρχοντος·
1184 3042 1291 3107 ἐνατον

135 3149 282 3229 Τιμόθεος
299 3150 536 3232 ἐπιστρατεύσας
551 3145 664 3226 ἡττήθη
681 3143 731 3212 ἐπὶ
753 3146 962 3224 Καλλιμήδους
980 3144 1137 3229 ἄρχοντας.
1181 3143 1235 3212 τὰς
1256 3146 1289 3209 δέ

135 3250 241 3317 Ἐννέα
267 3253 353 3318 ὁδοὺς
377 3250 497 3335 Ἀγνων
521 3251 694 3318 συνοικίσας
721 3250 878 3329 Ἀθηναῖος
912 3247 1061 3314 ἐκάλεσεν
1091 3247 1289 3330 Ἀμφίπολιν,

135 3357 184 3420 ἐπὶ
200 3355 347 3438 ἄρχοντος
362 3352 529 3435 Ἀθήνησιν
544 3355 741 3434 Εὐθυμένους.

179 3485 255 3541 279.
278 3473 378 3539 Diod.
394 3473 452 3538 xii.
470 3493 522 3558 32.
539 3492 579 3559 3:
606 3471 690 3553 Ἀμα
712 3475 745 3536 δέ
767 3471 882 3539 τούτοις
905 3470 1119 3555 τραπομένοις
1133 3466 1288 3548 Ἀθηναῖοι

88 3605 90 3608 ’
134 3577 307 3665 συνῴκισαν
331 3573 593 3659 Ἀμφίπολιν,καί
616 3584 677 3643 τῶν
699 3576 862 3658 οἰκητόρων
883 3573 934 3642 οῦς
953 3577 1010 3656 μέν
1030 3576 1062 3639 ἐκ
1079 3581 1140 3639 τῶν
1154 3582 1289 3641 πολιτῶν

134 3680 309 3762 κατέλεξαν,
323 3682 373 3749 οῦς
389 3683 420 3772 δ’Ι
430 3684 462 3747 ἐκ
478 3689 538 3747 τῶν
552 3681 699 3764 σύνεγγυς
714 3679 873 3763 φρουρίων.

178 3814 257 3868 280.
280 3802 495 3889 Harpocran:
527 3800 713 3884 Ἀμφίπολις
741 3847 749 3863 .
777 3847 785 3864 .
811 3847 819 3865 .
848 3799 946 3887 Πόλις
972 3798 1045 3876 αὕτη
1072 3798 1126 3876 τῆς
1154 3793 1285 3882 Θράκης.

133 3909 280 3990 πρότερον
301 3911 332 3972 δὲ
356 3907 461 3973 Ἐννέα
484 3905 549 3972 όδοί
565 3908 715 3984 ἐκαλεῖτο,
732 3904 772 3971 ῶς
788 3903 968 3986 Ἀνδροτίων
987 3898 1058 3988 (fr.
1075 3918 1114 3983 27
1132 3897 1169 3965 F.
1184 3898 1228 3965 H.
1248 3898 1285 3966 G.

132 4011 154 4075 i.
170 4033 203 4098 p.
215 4008 294 4098 373)
309 4011 342 4075 ἐν
356 4010 390 4092 β’
403 4009 551 4077 Ἀτθίδος.

476 4235 630 4302 Μόωίιιτα
651 4232 692 4320 os
708 4232 931 4320 Ροηνιιίαέῦοιι.

175 4385 247 4440 281.
270 4374 372 4440 Tnue.
388 4373 434 4438 iv.
453 4393 523 4460 ¹03·
540 4393 580 4459 33
607 4373 678 4436 106.
697 4391 725 4436 1.

174 4476 271 4544 Diod.
287 4478 346 4543 xii.
363 4496 415 4563 32.
461 4475 522 4544 See
539 4477 646 4544 abov'o
661 4486 737 4542 2¹19.
