3000 5046
142 355 271 421 τιὸ-108.]
460 347 546 405 THE
574 347 784 406 WESYERN
808 348 986 406 GREEKS.
1235 363 1296 427 329

186 553 260 607 102.
284 541 420 607 Suidas:
441 543 637 627 Ἐπίχαρμος,
651 543 781 624 Τιτύρου
793 540 811 622 ἢ
823 542 976 625 Χειμάρου
991 545 1039 606 καὶ
1055 544 1183 624 Σικίδος,
1200 549 1295 625 Συρα-

143 646 272 725 κούσιος,
287 645 306 725 ἢ
322 648 355 710 έκ
370 647 489 713 πόλεως
510 647 650 728 Κράστου
663 655 724 712 τῶν
743 650 887 711 Σικανῶν.
932 645 966 713 δς
985 647 1051 728 εὗρε
1069 648 1125 726 τὴν
1139 652 1296 733 κωμῳδίαν

143 751 175 812 έν
191 750 396 831 Συρακούσαις
416 749 477 829 άμα
499 751 618 836 Φόρμῳ.
664 748 781 830 έδίδαξε
802 751 835 814 δδ
855 747 989 831 δράματα
1010 746 1070 831 νβ’,
1087 751 1126 817 ὧς
1142 755 1174 816 δέ
1190 751 1296 816 Λύκων

143 855 230 932 φησί,
250 854 509 934 τριακονταπέντε.
553 856 631 921 τινὲς
654 857 686 919 δδ
708 855 799 919 αὐτὸν
821 855 908 939 Κῷον
930 855 1118 938 ἀνέγραψαν,
1139 863 1199 920 τῶν
1219 853 1295 936 μετά

144 957 266 1035 Κάδμου
281 958 323 1022 είς
339 959 481 1022 Σικελίαν
495 959 748 1039 μετοικησόντων
786 957 879 1021 άλλοι
895 955 1020 1038 Σάμιον,
1036 956 1128 1021 άλλοι
1144 956 1296 1041 Μεγάρων

142 1067 204 1124 τῶν
229 1062 262 1124 έν
289 1063 421 1146 Σικελίᾳ.
465 1061 503 1141 ἦν
528 1066 561 1128 δὲ
586 1067 644 1140 πρδ
671 1071 732 1128 τῶν
758 1067 920 1145 Περσικῶν
948 1062 1000 1141 έτη
1027 1059 1064 1140 έξ
1087 1060 1237 1125 διδάσκων
1263 1063 1296 1127 έν

143 1164 357 1243 Συρακούσαις.
403 1169 436 1230 έν
462 1167 495 1230 δὲ
524 1164 667 1244 Ἀθήναις
697 1165 807 1244 Εύέτης
837 1163 886 1230 καὶ
918 1163 1079 1244 Εὐξενίδης
1108 1160 1158 1228 καὶ
1189 1166 1296 1233 Μύλος

142 1268 356 1334 ἐπεδείκνυντο.

186 1397 258 1452 103.
282 1387 575 1467 Ιιυυὶοη,Μαοτοί).
594 1405 651 1473 25:
675 1387 735 1456 Καὶ
756 1390 944 1472 Ἐπίχαρμος
966 1391 999 1454 δὲ
1021 1391 1038 1453 δ
1060 1394 1114 1469 τῆς
1141 1391 1296 1475 κωμῳδίας

142 1490 266 1568 ποιητὴς
282 1493 329 1553 καὶ
345 1491 432 1558 αὐτὸς
448 1492 625 1568 ἐνενήκοντα
640 1489 690 1556 καὶ
705 1495 781 1557 έπτῖι
796 1492 847 1573 ἔτη
862 1492 985 1575 λέγεται
1000 1496 1121 1571 βιῶναι.

185 1620 258 1674 104.
283 1608 384 1676 Arist.
407 1610 496 1676 Poet.
514 1635 546 1676 v.
566 1633 595 1697 3.
620 1613 741 1697 1449b
760 1615 798 1676 6:
829 1617 874 1677 Τδ
897 1614 930 1677 δὲ
951 1613 1061 1693 μύθους
1086 1615 1185 1676 ποιεῖν
1207 1611 1295 1675 Ἐπί-

141 1739 257 1797 χαρμος
284 1719 331 1778 καὶ
358 1717 482 1798 Φόρμις·
515 1724 549 1781 τδ
574 1721 630 1798 μὲν
656 1716 692 1798 έξ
713 1719 808 1800 άρχῆς
839 1719 872 1782 έκ
899 1715 1039 1783 Σικελίας
1069 1714 1154 1796 ἦλθε,
1177 1720 1237 1779 τῖιν
1262 1719 1295 1780 δέ

141 1817 307 1897 Ἀθήνησιν
341 1819 459 1900 Κράτης
493 1827 611 1902 πρῶτον
646 1820 735 1904 ἦρξεν
768 1820 918 1903 ἀφέμενος
951 1822 1003 1898 τῆς
1039 1821 1180 1901 ἰαμβικῆς
1215 1817 1296 1885 ῖδέας

144 1922 273 1986 καθόλου
295 1927 393 1987 ποιεῖν
415 1924 524 2006 λόγους
547 1922 596 1988 καὶ
618 1926 738 2006 μύθους.

561 2074 563 2078 ¹
606 2125 828 2192 Βοίποῑοοδοο.

186 2271 260 2327 105.
284 2262 422 2328 Suidas:
440 2265 635 2348 Δεινόλοχος,
647 2265 861 2346 Συρακούσιος,
873 2261 892 2345 ἣ
902 2264 1144 2348 Ἀκραγαντῖνος,
1157 2266 1294 2345 κωμικός.

143 2363 179 2442 ἦν
202 2363 251 2429 ἐπὶ
269 2369 321 2445 τῆς
342 2363 390 2450 oy'
411 2368 606 2448 ὀλυμπιάδος,
626 2371 691 2435 υίδς
705 2367 908 2454 Ἐπιχάρμου·
932 2369 972 2436 ὣς
992 2367 1025 2434 δέ
1044 2394 1133 2448 τινες,
1149 2368 1294 2448 μαθητής.
1414 2391 1422 2400 ”

142 2468 261 2549 ἐδίδαξε
277 2469 410 2552 δράματα
427 2470 463 2536 ιδ’
482 2475 596 2554 Δωρίδι
612 2473 769 2559 διαλέκτῳ.

510 2677 669 2747 Ρίιοννιῖι
689 2698 730 2744 οι·
750 2677 923 2743 Ρλοτπιοα.

186 2823 260 2881 106.
292 2813 432 2882 Suidas:
463 2817 593 2898 Φόρμος,
620 2816 831 2898 Συρακούσιος,
856 2815 993 2896 κωμικός,
1021 2814 1191 2899 σύγχρονος
1207 2813 1294 2878 Ἐπι-

141 2915 257 3003 χάρμῳ,
284 2921 393 2988 οἰκεῖος
419 2923 450 2985 δὲ
475 2920 590 2986 Γέλωνι
613 2922 655 3007 τῷ
685 2919 817 3005 τυράννῳ
843 2920 986 2987 Σικελίας
1009 2916 1058 2983 καὶ
1081 2917 1210 3000 τροφεὺς
1235 2925 1294 2983 τῶν

141 3022 257 3085 παίδων
276 3022 375 3086 αὐτοῦ.
421 3023 538 3106 ἔγραψε
559 3022 692 3104 δράματα
711 3020 749 3103 ζ’,
765 3024 784 3087 δ
799 3026 867 3089 ἔστι
887 3027 991 3088 ταῦτα·
1012 3022 1172 3102 Ἀδμητος,
1189 3019 1294 3086 Ἀλκί-

142 3149 218 3202 νους,
258 3123 428 3203 Ἀλκυόνες,
458 3128 555 3192 Ἰλίου
588 3128 744 3210 πόρθησις,
772 3125 889 3206 Ἵππος,
920 3126 1043 3208 Κηφεὺς
1071 3125 1090 3206 ἢ
1122 3125 1294 3207 Κεφάλαια,

142 3230 286 3308 Περσεύς.
332 3230 482 3312 ἐχρήσατο
505 3234 538 3295 δὶ
558 3237 675 3312 πρῶτος
699 3232 839 3313 άνδύματι
858 3229 982 3313 ποδήρει
1003 3227 1052 3294 καὶ
1072 3228 1167 3316 σκηνῇ
1184 3228 1293 3311 δερμά-

141 3356 202 3394 των
219 3338 375 3413 φοινικιῖν.
420 3333 564 3414 μέμνηται
587 3336 619 3399 δὲ
639 3332 688 3399 καὶ
708 3334 809 3416 έτέρου
829 3334 978 3416 δράματος
998 3331 1158 3412 Ἀθηναῖος
1178 3337 1212 3399 έν
1231 3338 1294 3400 τοῖς

142 3440 425 3517 Δειπνοσοφισταῖς
440 3434 522 3524 (xiv.
538 3439 602 3518 652
618 3437 673 3524 A),
688 3438 884 3516 Ἀταλάνιης.

185 3563 257 3621 107.
280 3557 381 3624 Arist.
395 3555 486 3622 Ροοί.
503 3579 535 3620 v.
552 3577 581 3643 3.
628 3557 689 3623 See
703 3557 810 3622 above
825 3568 899 3625 104.

185 3686 259 3745 108.
281 3676 377 3745 Paua.
401 3700 434 3743 ν.
460 3692 510 3760 27.
536 3698 571 3742 1:
612 3677 667 3744 Ἐν
690 3681 724 3744 δὶ
748 3679 848 3744 αὐτοῖς
875 3680 922 3742 καὶ
944 3677 981 3741 τὰ
1007 3676 1187 3745 άνατεθέντα
1210 3673 1293 3740 ἐστὶν

140 3782 199 3844 ὑπὸ
226 3785 278 3844 τοῦ
303 3783 474 3846 Μαιναλίου
499 3783 660 3864 Φόρμιδος,
691 3781 725 3850 δς
755 3783 786 3846 έκ
818 3780 978 3846 Μαινάλου
1007 3779 1118 3860 διαβὰς
1149 3783 1181 3846 ές
1207 3783 1292 3843 Σικε-

141 3886 213 3949 λίαν
245 3888 326 3968 παρδ
362 3885 486 3950 Γέλωνα
511 3893 565 3952 τδν
591 3886 801 3968 Δεινομένους,
834 3883 882 3950 καὶ
920 3885 1023 3970 έκιίνῳ
1061 3908 1093 3947 τε
1130 3883 1207 3968 αύτῷ
1243 3881 1293 3947 καὶ

139 3986 255 4068 Ἱέρωνι
276 3991 403 4071 ὕστερον
425 3992 550 4076 ἀδελφῷ
572 3995 625 4054 τοῖν
648 3990 786 4057 Γέλωνος
807 3993 838 4057 ἐς
857 3989 912 4056 τὰς
933 3989 1092 4070 στρατείας
1115 3988 1292 4052 άποδεικνύ-

139 4117 230 4170 μενος
247 4094 372 4175 λαμπρὰ
394 4095 475 4176 ἔργα,
495 4097 525 4161 ές
545 4101 671 4159 τοσοῦτο
692 4097 846 4177 προῆλθεν
866 4093 1055 4174 εὐδαιμονίας
1076 4091 1115 4159 ὣς
1136 4092 1292 4157 ἀναθεῖναι

139 4196 195 4275 μὲν
217 4201 310 4260 ταῦτα
332 4198 364 4263 ές
384 4196 566 4279 Ὀλυμπίαν,
589 4199 744 4267 άναθεῖναι
767 4201 799 4262 δέ
823 4195 872 4267 καὶ
895 4197 936 4283 τῷ
955 4197 1131 4260 Ἀπόλλωνι
1154 4195 1236 4258 άλλα
1261 4197 1293 4261 ἐς

142 4300 295 4380 Δελφούς.
340 4297 389 4385 (2)
411 4305 445 4363 τὰ
464 4302 496 4366 δὲ
516 4303 547 4368 ές
569 4300 745 4380 Ὀλυμπίαν
764 4302 816 4366 δύο
834 4301 869 4367 τέ
888 4303 968 4366 εἰσιν
990 4302 1079 4365 ίπποι
1102 4299 1151 4362 καὶ
1171 4298 1292 4382 ἡνίοχοι

141 4401 202 4478 δύο,
220 4402 347 4488 ἑκατέρῳ
362 4409 421 4468 τῶν
436 4407 538 4470 ἵππων
552 4406 710 4487 παρεστδς
725 4405 799 4488 ἀνὴρ
813 4404 947 4491 ἡνίοχος.
993 4404 1080 4484 όμέν
1094 4402 1131 4482 δὴ
1146 4403 1292 4483 πρότερος

140 4511 200 4570 τῶν
222 4509 323 4572 ἵππων
344 4504 392 4572 καὶ
413 4509 430 4571 δ
450 4508 522 4590 ἀνὴρ
545 4509 709 4575 Διονυσίου
726 4513 779 4572 τοῦ
799 4507 949 4592 Ἀργείου,
967 4509 1005 4571 τδ
1024 4505 1146 4587 δεύτερα
1166 4506 1199 4571 δέ
1219 4505 1292 4588 ἔργα
