3000 5046
133 377 207 444 161.]
540 370 872 432 BIOGRAPHICAL.
1222 369 1285 448 287

135 564 187 626 οῦκ
218 564 334 628 ἐλάττω
361 570 420 629 τῦν
450 565 663 630 πεντεκαίδεκα
693 568 768 630 ἐτῶν
798 568 919 646 διηνεκῆ
951 563 997 629 καί
1028 568 1101 644 μίαν
1130 565 1225 629 οὖσαν
1255 567 1287 630 ἐν

135 673 201 734 ταῖς
219 668 382 734 ἐνιαυσίοις
399 669 594 751 στρατηγίαις
612 668 709 754 ἀρχὴν
732 669 779 733 καὶ
802 669 978 734 δυναστείαν
1001 670 1196 749 κτησάμενος,
1215 669 1287 749 ἐφύ-

135 769 228 850 λαξεν
263 775 368 836 ἐαυτὸν
402 773 558 837 ἀνάλωτον
593 773 652 837 ύπὸ
687 773 855 857 χρημάτων,
886 773 991 854 καίπερ
1026 774 1060 837 ού
1095 772 1289 838 παντάπασιν

136 876 232 957 ἀργῶς
263 875 343 959 έχων
377 875 450 956 πρὸς
478 877 698 957 χρηματισμόν,
728 876 812 940 ἀλλά
842 883 894 941 τδν
925 877 1063 962 πατρῷον
1093 874 1142 940 καί
1172 879 1288 940 δίκαιον

136 983 278 1054 πλοῦτον,
306 978 344 1045 ἀς
369 978 436 1058 μήτ’
460 978 662 1059 ἀμελούμενος
686 981 811 1062 ἐκφύγοι
831 978 906 1059 μήτε
929 980 1033 1044 πολλὰ
1053 978 1212 1061 πράγματα
1240 979 1289 1044 καί

136 1081 293 1163 διατριβάς
311 1082 527 1167 ἀσχολουμένῳ
548 1084 684 1164 παρέχοι,
704 1082 867 1163 συνέταξεν
886 1086 928 1151 είς
950 1085 1131 1163 οἰκονομίαν,
1153 1081 1191 1161 ἣν
1212 1082 1288 1168 ᾤετο

135 1183 250 1269 ῥᾴστην
272 1187 322 1250 καὶ
343 1186 566 1266 ἀκριβεστάτην
588 1186 674 1250 εἶναι.
719 1187 787 1253 τοὺς
801 1186 859 1270 γάρ
879 1187 1027 1252 ἐπετείους
1043 1187 1171 1267 καρποὺς
1191 1185 1287 1250 ἀπαν-

137 1313 190 1355 τας
214 1291 340 1370 ἀθρόους
367 1291 562 1371 ἐπίπρασκεν,
590 1289 656 1354 εἶτα
682 1296 742 1354 τῶν
768 1291 937 1374 ἀναγκαίων
968 1288 1099 1355 ἕκαστον
1121 1288 1157 1369 ἐξ
1177 1290 1288 1372 ἀγορᾶς

138 1391 304 1472 ὠνούμενος
329 1390 429 1475 διηίκει
459 1397 512 1457 τδν
538 1392 611 1473 βίον
636 1391 686 1457 καὶ
712 1393 751 1458 τά
780 1391 848 1476 περὶ
878 1394 933 1473 τὴν
962 1394 1089 1458 δίαιταν.
1135 1394 1206 1457 ὅθεν
1232 1392 1289 1475 ούχ

136 1494 208 1572 ῆδῦς
229 1494 266 1575 ῆν
284 1496 434 1574 ἐνηλίκοις
452 1498 558 1560 παισὶν
575 1497 642 1561 οῦδὲ
662 1495 780 1579 γυναιξί
801 1496 935 1579 δαψιλὴς
952 1498 1092 1580 χορηγός,
1108 1495 1179 1560 ἀλλ’
1199 1497 1287 1576 ἐμέμ-

138 1605 234 1680 φοντο
260 1598 316 1679 τῆν
339 1597 492 1679 ἐφήμερον
520 1599 630 1679 ταύτην
654 1598 703 1664 καὶ
730 1602 919 1683 συνηγμένην
946 1602 989 1666 είς
1011 1606 1045 1664 τὸ
1067 1599 1289 1681 ἀκριβέστατον

137 1702 282 1779 δαπάνην,
307 1702 435 1777 ούδενός,
462 1703 529 1768 οίον
554 1704 587 1767 ἐν
611 1705 689 1788 οίκίᾳ
713 1703 832 1791 μεγάλη
861 1703 909 1767 καὶ
935 1703 1110 1787 πράγμασιν
1132 1704 1287 1784 ἀφθόνοις,

137 1803 353 1887 περιρρέοντος,
380 1804 463 1869 ἀλλά
488 1813 600 1873 παντὸς
623 1807 680 1886 μὲν
704 1808 910 1889 ἀναλώματος,
938 1813 1050 1873 παντὸς
1074 1811 1106 1871 δέ
1132 1805 1288 1887 λήμματος

138 1908 175 1974 δι’
190 1912 315 1991 ἀριθμοῦ
339 1912 387 1975 καὶ
409 1910 517 1991 μέτρου
538 1912 726 1993 βαδίζοντος.
771 1913 787 1975 δ
804 1916 840 1978 δέ
852 1917 956 1976 πεῖσαν
971 1911 1061 1975 αὐτοῦ
1077 1911 1134 1990 τὴν
1148 1911 1291 1990 τοιαύτην

139 2013 277 2096 συνέχων
298 2015 457 2096 ἀκρίβειαν
479 2015 523 2081 είς
545 2014 583 2094 ῆν
604 2015 731 2094 οίκέτης,
751 2015 934 2098 Εὐάγγελος,
957 2014 996 2080 ὣς
1017 2015 1116 2096 έτερος
1137 2011 1233 2081 οὐδεὶς
1256 2013 1288 2078 εῦ

138 2117 281 2198 πεφυκὼς
302 2115 320 2197 ῆ
344 2117 621 2196 κατεσκευασμένος
642 2121 698 2182 ύπδ
720 2123 773 2182 τοῦ
795 2117 980 2201 Περικλέους
1006 2122 1079 2200 πρδς
1106 2119 1287 2198 οἰκονομίαν.

140 2219 294 2304 ἀπᾴδοντα
307 2225 364 2303 μὲν
379 2221 431 2286 οῦν
446 2226 539 2286 ταῦτα
553 2224 607 2300 τῆς
620 2221 825 2304 Ἀναξαγόρου
841 2222 963 2304 σοφίας,
975 2224 1039 2304 είγε
1055 2222 1103 2284 καὶ
1119 2220 1173 2301 τὴν
1188 2222 1288 2286 οίκίαν

139 2326 252 2390 ἐκεῖνος
279 2323 401 2404 ἐξέλιπε
425 2322 473 2389 καί
501 2324 555 2404 τῆν
579 2326 681 2408 χάραν
706 2326 823 2407 ἀφῆκεν
849 2325 943 2407 ἀργὴν
966 2328 1016 2390 καὶ
1040 2325 1215 2406 μηλόβοτον
1239 2323 1289 2388 ὑπ’

139 2429 361 2510 ἐνθουσιασμοῦ
379 2427 427 2492 καὶ
447 2429 728 2512 μεγαλοφροσύνης,
745 2430 779 2494 ού
793 2429 900 2494 ταύτδν
915 2428 941 2494 δ’
957 2430 1051 2504 ἐστίν,
1067 2429 1159 2508 οἶμαι,
1174 2432 1287 2508 θεωρη-

139 2536 220 2594 τικοῦ
246 2532 425 2613 φιλοσόφου
456 2530 504 2596 καί
533 2537 689 2597 πολιτικοῦ
717 2534 797 2612 βίος,
824 2528 894 2596 ἀλλ’
918 2533 935 2595 δ
960 2533 1016 2612 μέν
1043 2532 1211 2612 ἀνόργανον
1239 2533 1288 2597 καί

139 2635 292 2715 ἀπροσδεῆ
308 2639 361 2715 τῆς
376 2637 459 2702 ἐκτὸς
474 2639 548 2715 ύλης
564 2634 613 2700 ἐπὶ
627 2641 690 2703 τοῖς
709 2641 814 2703 καλοῖς
830 2641 904 2701 κινεῖ
918 2637 973 2716 τὴν
987 2634 1129 2710 διάνοιαν,
1145 2639 1186 2719 τῷ
1203 2631 1229 2698 δ’
1244 2636 1288 2703 είς

140 2738 323 2820 ἀνθρωπείας
337 2741 440 2820 χρείας
456 2740 649 2823 ἀναμιγνύντι
663 2741 718 2820 τὴν
733 2740 841 2822 ἀρετὴν
857 2740 942 2805 ἐστιν
956 2740 991 2804 οῦ
1005 2738 1115 2823 γένοιτ’
1126 2736 1164 2802 ἀν
1180 2739 1214 2802 ού
1229 2745 1289 2803 τῶν

140 2841 310 2923 ἀναγκαίων
335 2844 438 2923 μόνον,
465 2845 548 2908 ἀλλά
569 2842 618 2908 καί
641 2853 702 2910 τῦν
727 2850 828 2908 καλῶν
850 2845 867 2906 δ
888 2848 1029 2920 πλοῦτος,
1052 2845 1156 2923 ὥσπερ
1180 2841 1217 2921 ῆν
1239 2840 1287 2907 καί

141 2948 286 3024 Περικλεῖ
300 2951 463 3025 βοηθοῦντι
479 2952 606 3015 πολλοῖς
621 2954 680 3013 τεῦν
697 2946 840 3028 πενήτων.
879 2945 927 3011 καί
937 2948 1040 3027 μέντοι
1050 2973 1086 3031 γε
1096 2952 1149 3011 τὸν
1160 2944 1256 3025 Ἀναξ
1274 2982 1288 2995 ·

139 3050 233 3131 γόραν
247 3051 336 3114 αὐτὸν
353 3050 496 3132 λέγουσιν
508 3052 737 3135 ἀσχολουμένου
751 3050 932 3133 Περικλέους
947 3050 1152 3130 ἀμελούμενον
1170 3053 1288 3114 κεῖσθαι

141 3152 422 3234 συγκεκαλυμμένον
441 3153 496 3234 ἤδη
518 3155 645 3237 γηραιδν
662 3158 929 3238 ἀποκαρτεροῦντα·
954 3155 1184 3235 προσπεσόντος
1200 3155 1233 3217 δέ
1247 3152 1289 3236 τηῖ

141 3259 287 3336 Περικλεῖ
306 3263 359 3320 τοῦ
381 3258 555 3339 πράγματος
576 3259 765 3342 ἐκπλαγέντα
788 3264 852 3324 θεῖν
874 3257 959 3324 εὐθὺς
980 3254 1027 3321 ἐπί
1051 3263 1103 3321 τὸν
1124 3256 1216 3338 ἀνδρα
1238 3257 1288 3321 καὶ

140 3363 258 3422 δεῖσθαι
283 3364 386 3426 πᾶσαν
412 3360 526 3438 δέησιν,
553 3363 780 3444 ὀλοφυρόμενον
803 3363 853 3426 οῦκ
881 3363 1006 3439 ἐκεῖνον,
1030 3360 1099 3424 ἀλλ’
1123 3361 1237 3436 ἑαυτόν,
1261 3362 1288 3424 εί

140 3467 275 3527 τοιοῦτον
293 3465 404 3528 ἀπολεῖ
424 3467 477 3544 τῆς
498 3466 653 3532 πολιτείας
673 3466 858 3546 σύμβουλον.
904 3462 1154 3546 ἐκκαλυψάμενον
1170 3463 1222 3528 οῦν
1236 3469 1289 3528 τὸν

140 3564 347 3648 Ἀναξαγόραν
369 3569 465 3631 εἰπεῖν
486 3573 560 3649 πρὸς
581 3568 681 3633 αῦτόν·
718 3565 768 3632 “ἀ
789 3569 960 3648 Περίκλεις,
983 3564 1032 3631 καὶ
1055 3568 1085 3630 οἱ
1102 3571 1156 3631 τοῦ
1172 3566 1288 3652 λύχνου

140 3671 246 3750 χρείαν
262 3670 383 3753 ἔχοντες
399 3669 503 3735 έλαιον
518 3663 724 3752 ἐπιχέουσιν.”

184 3770 271 3837 Plut.
291 3771 368 3836 Per.
386 3787 414 3854 7.
460 3772 521 3839 See
536 3773 644 3840 above
658 3783 701 3841 V.
718 3785 773 3841 02.

184 3903 250 3959 161.
272 3893 373 3959 Isocr.
391 3896 409 3959 8
424 3895 464 3960 de
475 3894 555 3960 Pcw.
575 3896 655 3961 126:
679 3898 785 3961 Καίτοι
801 3900 952 3978 Περικλῆς
968 3897 985 3958 ὁ
999 3901 1058 3973 πρὸ
1073 3902 1133 3961 τιῦν
1149 3894 1289 3961 τοιούτων

141 4003 316 4081 δημαγωγὸς
332 3999 491 4078 καταστάς,
508 4002 696 4081 παραλαβὼν
711 4002 766 4082 τὴν
781 4001 872 4066 πόλιν
890 4005 994 4086 χεῖρον
1008 4002 1063 4080 μέν
1078 4004 1255 4084 φρονοῦσαν
1268 3997 1288 4079 ῆ

141 4102 212 4182 πρὶν
228 4107 392 4186 κατασχεῖν
407 4103 461 4181 τὴν
474 4103 579 4186 ἀρχήν,
598 4108 642 4169 ἔτι
657 4105 682 4168 δ’
699 4106 828 4171 ἀνεκτῶς
843 4103 1088 4185 πολιτευομένην,
1104 4102 1157 4167 οῦκ
1172 4104 1223 4167 ἐπὶ
1237 4107 1291 4170 τδν

141 4205 217 4269 ἴδιον
234 4206 445 4286 χρηματισμὸν
463 4208 613 4288 ὥρμησεν,
631 4209 714 4272 ἀλλά
735 4210 788 4274 τὸν
808 4210 864 4289 μέν
884 4209 968 4272 οἶκον
989 4207 1105 4272 ἐλάττω
1127 4204 1181 4271 τάν
1199 4208 1290 4271 αύτοῦ

142 4309 303 4373 κατέλιπεν
328 4306 347 4387 ἢ
373 4309 455 4391 παρὰ
479 4315 533 4376 τοῦ
559 4318 670 4393 πατρὸς
696 4313 881 4394 παρέλαβεν,
908 4314 950 4378 είς
980 4313 1014 4375 δὲ
1043 4311 1098 4392 τῆν
1124 4310 1291 4393 ἀκρόπολιν

143 4410 306 4497 ἀνήνεγκεν
320 4413 534 4497 ὀκτακισχίλια
548 4415 683 4482 τάλαντα
697 4418 791 4500 χωρὶς
805 4424 866 4483 τῶν
883 4417 980 4496 ἱερῶν.
