3000 5046
154 382 212 449 ια]
511 375 846 435 οιοακΑΡΗιεΑι.
1243 391 1304 455 247

156 574 333 635 Μολοττῶν.
379 573 453 637 ένιοι
470 576 528 653 μέν
543 572 598 635 ,σύν
616 573 717 637 Φθίαν
734 573 790 651 τήν
803 577 930 655 γυναῖκα
948 577 1000 637 τοῦ
1021 573 1179 653 βασιλέως
1197 575 1304 655 λέγον·

156 700 207 740 σιν
222 676 391 740 ὑποθέσθαι
409 674 451 760 τῷ
469 679 676 755 Θεμιστοκλεῖ
694 682 729 741 τὸ
749 675 888 754 ἱκέτευμα
910 681 997 740 τοῦτο
1021 679 1070 740 καὶ
1093 676 1144 740 τὸν
1168 678 1233 740 νὶδν
1255 677 1305 739 ε’πὶ

155 779 211 857 τήν
229 782 332 844 ἑστίαν
347 781 470 844 καθίσαι
485 777 549 859 μετ’
566 765 666 843 αὐτοῦ·
698 782 778 846 τινές
793 778 819 843 δ’
830 778 920 843 αύτδν
931 780 984 844 τδν
997 779 1157 860 Ἀδμητον,
1174 779 1212 846 ὡς
1228 781 1305 856 άφο·

156 882 303 947 σιιύσαιτο
327 885 401 966 πρὸς
427 883 496 950 τοὺς
520 884 681 950 διόκοντας
704 885 759 963 τὴν
784 881 925 964 ἀνάγκην,
953 881 990 948 δι’
1021 881 1059 962 ἣν
1083 883 1135 947 οὐκ
1167 885 1307 947 έκδίδωσι

155 992 208 1050 τὸν
229 986 330 1068 όνδρα,
353 991 498 1052 διαθεῖναι
522 986 570 1051 καὶ
592 989 842 1072 συντραγῳδῆσαι
860 987 917 1066 τήν
937 989 1064 1052 ἱκεσίαν.
1111 991 1175 1052 ἐκεῖ
1193 986 1217 1051 δ’
1235 985 1311 1072 αὐτῷ

155 1089 210 1169 τήν
232 1095 358 1171 γυναῖκα
380 1089 517 1157 καὶτοὺς
540 1095 647 1157 παῖδας
670 1091 823 1171 ἐκκλέψας
849 1092 882 1153 έκ
908 1095 968 1153 τῶν
1002 1090 1139 1167 Ἀθηνιῖν
1164 1091 1305 1170 Ἐπικρά-

156 1218 208 1271 της
235 1193 437 1277 όἈχαρνεὺς
458 1193 653 1258 Ιάπέστειλεν·
682 1192 721 1258 ,δν
742 1192 791 1258 έπὶ
814 1194 908 1278 τούτῳ
930 1195 1033 1273 Κίμων
1053 1195 1181 1277 ύστερον
1205 1194 1306 1277 κρίνας

156 1295 356 1372 ἐθανάτωσεν,
380 1297 418 1363 ὡς
438 1300 554 1381 ἱστορεῖ
576 1299 816 1379 Στησίμβροτος.
862 1297 916 1362 εἴτ’
939 1298 991 1361 οὐκ
1016 1297 1071 1362 οἶδ’
1096 1298 1178 1364 ὅπως
1202 1299 1307 1361 έπιλα-

157 1400 282 1476 θόμενος
303 1401 417 1465 τούτων
444 1397 463 1480 ή
491 1399 545 1464 τδν
573 1398 784 1480 Θεμιστοκλέα
807 1407 904 1465 ποιεῖν
930 1400 1152 1481 έπιλαθόμενον
1174 1395 1309 1466 πλεῦσαί

156 1510 253 1583 φησιν
276 1505 318 1569 εἰς
341 1506 484 1568 Σικελίαν
507 1499 555 1566 καὶ
578 1500 647 1586 παρ’
664 1499 798 1586 Ἱέρωνος
821 1506 917 1569 αἰτεῖν
938 1509 991 1566 τοῦ
1013 1503 1158 1586 τυράννου
1179 1504 1233 1583 τήν
1255 1508 1306 1568 θυ-

156 1606 268 1688 γατέρα
292 1613 366 1689 πρὸς
385 1605 492 1690 γάμον,
516 1607 759 1690 ὑπισχνούμενον
787 1606 865 1692 αύτῷ
891 1608 959 1675 τοὺς
979 1605 1136 1685 Ἕλληνας
1159 1609 1307 1685 ύπηκόους

156 1708 306 1787 ποιήσειν·
345 1709 619 1792 άποστρεψαμένου
643 1713 677 1775 δέ
698 1717 751 1776 τοῦ
772 1707 916 1790 Ἱέρωνος,
937 1713 1029 1777 οὕτως
1051 1713 1095 1776 είς
1119 1710 1174 1789 τὴν
1196 1710 1307 1776 Ἀσίαν

157 1814 278 1895 άπᾶραι.

202 1932 251 1999 25
273 1921 376 1982 Ταῖντα
395 1918 423 1983 δ’
445 1919 496 1983 ούκ
519 1920 599 1984 εἰκός
617 1919 705 1984 ἐστιν
727 1919 804 1982 οὕτω
827 1918 980 2001 γενέσθαι.
1026 1919 1227 2003 Θεόφραστος
1249 1921 1308 2001 γάρ

158 2017 190 2085 έν
214 2027 277 2088 τοῖς
302 2020 378 2105 Περί
407 2023 571 2101 βασιλείας
596 2024 716 2105 ἱστορεῖ
740 2028 793 2086 τὸν
819 2022 1034 2102 Θεμιστοκλέα
1060 2023 1237 2104 πέμψαντος
1263 2024 1307 2091 είς

156 2125 327 2205 Ὀλυμπίαν
348 2125 481 2209 Ἱέρωνος
504 2127 614 2195 ἵππους
637 2127 806 2206 ἀγωνιστὰς
829 2124 878 2190 καὶ
903 2124 1019 2205 σκηνήν
1038 2151 1106 2191 τινα
1128 2150 1308 2190 κατεσκευα-

158 2228 273 2309 σμένην
293 2235 468 2295 πολυτελῶς
489 2227 667 2316 στήσανπος,
684 2230 780 2294 εἰπεῖν
796 2233 829 2294 έν
846 2233 909 2296 τοῖς
920 2230 1058 2309 Ἕλλησι
1072 2232 1177 2313 λόγον,
1194 2230 1232 2297 ὦς
1248 2232 1307 2312 χρὴ

157 2333 213 2412 τήν
232 2333 348 2413 σκηνήν
366 2332 530 2415 διαρπάσαι
545 2337 598 2396 τοῦ
612 2331 757 2412 τυράννου
774 2329 822 2396 καῖ
839 2337 975 2397 κωλῦσαι
989 2332 1058 2400 τοὺς
1072 2335 1183 2400 ίππους
1199 2336 1308 2416 άγωνί·

157 2441 281 2500 σασθαι.
327 2438 511 2516 Θουκυδίδης
537 2435 571 2500 δέ
595 2444 675 2517 φησι
700 2432 749 2499 καί
776 2441 907 2500 πλεῦσαι
934 2436 1025 2500 αύτδν
1048 2437 1099 2501 έπὶ
1121 2438 1176 2517 τήν
1203 2436 1308 2520 ἑτέραν

158 2540 333 2621 καταβάντα
360 2539 522 2604 θάλασσαν
549 2542 608 2603 άπδ
628 2539 761 2619 Πύδνης,
784 2541 903 2606 ούδενδς
926 2542 1040 2608 εἰδότος
1066 2542 1150 2608 ὅστις
1177 2541 1222 2620 εἴη
1248 2548 1308 2606 τῶν

157 2644 321 2721 πλεόντων,
335 2643 426 2726 μέχρι
446 2643 481 2706 ού
501 2644 646 2720 πνεύματι
666 2645 719 2720 τῆς
740 2642 868 2710 ὁλκάδος
883 2646 926 2710 είς
943 2641 1048 2722 Νάξον
1064 2643 1308 2725 καταφερομένης

157 2750 215 2812 ύπδ
229 2747 400 2827 Ἀθηναίων
416 2747 673 2830 πολιορκουμένην
692 2750 760 2812 τότε
778 2746 928 2828 φοβηθεὶς
947 2748 1131 2828 ἀναδείξειεν
1146 2753 1251 2813 ἑαυτὸν
1266 2750 1309 2835 τῷ

157 2877 190 2916 τε
210 2850 366 2935 ναυκλήρῳ
386 2848 434 2916 καί
452 2851 493 2937 τῷ
510 2849 687 2937 κυβερνήτῃ,
706 2853 755 2915 καὶ
776 2851 813 2916 τὰ
832 2854 887 2931 μὲν
908 2853 1057 2931 δεόμενος,
1071 2852 1110 2917 τὰ
1131 2853 1157 2917 δ’
1172 2854 1308 2918 άπειλῶν

159 2952 206 3019 καὶ
222 2955 329 3037 λέγων,
345 2956 392 3020 ότι
409 2954 610 3037 κατηγορήσοι
632 2956 681 3019 καὶ
700 2956 923 3038 καταψεύσοιτο
941 2963 1017 3038 πρὸς
1037 2957 1105 3023 τοὺς
1119 2955 1307 3035 Ἀθηναίους,

158 3059 197 3126 ὦς
213 3059 264 3123 ούκ
280 3060 466 3140 ἀγνοοῦντες,
487 3059 569 3124 ἀλλὰ
591 3056 726 3142 χρήμασι
748 3059 922 3126 πεισθέντες
944 3059 980 3140 έξ
998 3061 1102 3146 ἀρχῆς,
1121 3059 1309 3141 ἀναλάβοιεν

157 3163 256 3239 αὐτόν,
272 3164 365 3228 ούτως
380 3161 561 3246 άνογκόσειε
577 3167 788 3244 παραπλεῦσαι
801 3161 849 3228 καῖ
862 3163 1015 3240 λαβέσθαι
1026 3168 1079 3244 τῆς
1088 3165 1205 3231 Ἀσίας.
1248 3171 1308 3228 τῶν

158 3269 190 3330 δὲ
205 3267 366 3350 χρημάτων
379 3266 458 3351 αύτῷ
470 3268 572 3331 πολλὰ
584 3269 644 3347 μὲν
655 3267 885 3331 ὑπεκκλαπέντα
898 3266 948 3331 διά
958 3273 1018 3333 τῶν
1029 3270 1131 3349 φίλων
1143 3270 1185 3336 είς
1197 3267 1308 3333 Ἀσίαν

158 3371 255 3435 ἔπλει·
280 3376 338 3435 τῶν
354 3372 385 3434 δὲ
401 3376 541 3451 φανερῶν
559 3373 726 3450 γενομένων
747 3366 795 3433 καῖ
815 3372 1026 3452 συναχθέντων
1041 3373 1088 3437 -είς
1107 3377 1143 3435 ,τδ
1162 3374 1308 3452 δημόσιον

159 3475 344 3556 Θεόπομπος
369 3476 426 3552 μὲν
450 3478 555 3538 έκατδν
578 3473 723 3550 τάλαντα,
744 3476 946 3555 Θεόφραστος
968 3477 1000 3538 δὲ
1023 3474 1208 3555 όγδοήκονπά
1230 3483 1309 3556 φησι

158 3579 301 3658 γενέσθαι
315 3579 351 3641 τὸ
365 3581 495 3656 πλῆθος,
510 3578 576 3642 οὐδὲ
592 3582 680 3658 τριῶν
696 3574 766 3656 όξια
780 3576 937 3640 ταλάντων
952 3576 1130 3656 κεκτημένον
1144 3581 1197 3641 τοῦ
1214 3581 1307 3656 Θεμι-

159 3680 323 3749 στοκλέους
338 3683 409 3764 πρὶν
424 3683 574 3746 ἅπτεσθαι
589 3683 641 3760 τής
657 3681 821 3747 πολιτείας.

205 3787 255 3850 26.
278 3783 365 3851 Ἐπεί
391 3786 425 3850 δὲ
455 3787 660 3851 κατέπλευσεν
682 3786 727 3850 είς
750 3785 853 3865 Κύμην
875 3785 924 3848 καὶ
949 3783 1085 3852 πολλοῖς
1110 3784 1223 3873 ᾔσθετο
1248 3790 1309 3850 τιῖν

159 3889 208 3954 έπὶ
231 3889 365 3976 θαλάττῃ
387 3889 677 3970 παραφυλάττοντας
699 3887 790 3953 αὐτὸν
812 3893 933 3968 λαβεῖν,
950 3889 1085 3967 μάλιστα
1103 3891 1135 3953 δὲ
1154 3888 1223 3955 τοὺς
1241 3885 1309 3972 περί

158 3994 324 4077 Ἐργοτέλη
340 3996 389 4058 καὶ
405 3996 585 4076 Πυθόδωρον
601 3990 651 4080 (ήν
666 3992 757 4077 γὰρή
775 3991 851 4073 θήρα
870 3992 1037 4071 λυσιτελής
1054 3996 1118 4059 τοῖς
1137 3992 1171 4058 τδ
1190 3994 1309 4074 κερδαί·

160 4124 222 4164 νειν
237 4100 296 4162 άπὸ
312 4104 424 4165 παντὸς
436 4099 586 4181 άγαπῶσι,
598 4098 760 4161 διακοσίων
771 4095 1050 4181 ἐπικεκηρυγμένων
1061 4093 1141 4183 αὐτῷ
1151 4096 1309 4162 ταλάντων

158 4204 217 4267 ύπδ
239 4207 292 4265 τοῦ
317 4201 496 4288 βασιλέως),
521 4200 634 4283 ἔφυγεν
656 4201 699 4267 είς
722 4198 826 4284 Αἰγάς,
851 4203 995 4265 Αίολικὸν
1016 4201 1229 4281 πολισμάτιον,
1250 4202 1309 4266 ύπδ

159 4307 282 4372 πόντων
297 4306 496 4388 ἀγνοούμενος
511 4305 592 4383 πλὴν
603 4308 656 4368 τοῦ
668 4301 756 4383 ξένου
768 4303 957 4384 Νικογένους,
969 4304 1001 4371 δς
1011 4304 1149 4370 Αἰολέων
1159 4306 1309 4383 πλείστην

161 4410 268 4474 οὐσίαν
296 4409 437 4489 έκέκτητο
465 4405 512 4472 καί
541 4413 605 4474 τοῖς
631 4408 692 4472 ἄνω
719 4411 856 4475 δυνατοῖς
883 4408 1030 4492 γνιίριμος
1055 4410 1179 4492 ὖπῆΡΧε.
1227 4411 1310 4491 παρὰ

160 4515 253 4598 τούτῳ
270 4513 471 4597 κρυπτόμενος
491 4511 603 4596 ἡμέρας
625 4512 732 4594 όλίγας
754 4509 916 4595 διέτριψεν·
948 4510 1013 4575 εἶτα
1032 4514 1110 4594 μετὰ
1130 4517 1165 4576 τὸ
1187 4515 1310 4577 δεῖπνον
