3000 5046
209 360 269 424 242
603 342 940 402 BIOGRAPHICAL.
1234 349 1361 414 [mvl.

211 539 472 624 ἐπιφανεστάτους
484 544 679 622 Σπαρτιατῶν
691 538 837 620 πρέσβεις
853 539 1087 603 ἀποστείλαντες
1103 538 1176 619 πρὸς
1188 536 1361 617 τὸνἊδμη-

209 670 264 711 τον
275 643 399 732 ἐξῄτουν
411 645 502 709 αύτδν
512 650 586 725 πρδς
600 648 755 725 τιμωρίαν,
768 645 990 708 ἀποκαλοῦντες
1001 643 1149 722 προδότην
1162 643 1210 705 καὶ
1222 646 1362 718 λυμεῶνα

210 751 264 827 τῆς
287 751 361 829 όλης
380 747 542 827 Ἑλλάδος,
562 748 635 826 πρὸς
658 752 691 813 δέ
713 748 829 814 τούτοις
852 747 891 825 μὴ
914 747 1130 825 παραδιδόντος
1154 745 1244 809 αύτδν
1267 751 1361 807 πολε-

210 851 321 935 μήσειν
336 852 457 934 ἐφασαν
475 855 551 931 μετά
567 850 687 917 πάντων
702 858 762 916 τῶν
775 848 944 930 Ἑλλήνων,
964 849 999 914 τδ
1016 849 1167 929 τηνικαῦθ’
1183 851 1199 911 ά
1214 847 1362 928 βασιλεὺς

212 953 362 1040 φοβηθεὶς
388 959 443 1036 μέν
468 959 522 1023 τὰς
551 954 688 1028 ἀπειλάς,
714 958 810 1020 ἐλεῶν
833 956 866 1018 δέ
891 954 945 1018 τὸν
972 955 1072 1032 ίκέτην
1099 955 1148 1018 καὶ
1173 952 1228 1033 τήν
1252 955 1284 1016 έκ
1308 954 1362 1030 τῆς

211 1059 405 1140 παραδόσεως
420 1059 566 1144 αἰσχύνην
579 1061 732 1138 ἐκκλίνων,
744 1059 845 1122 ἔπειθε
860 1064 913 1122 τδν
925 1055 1139 1136 Θεμιστοκλέα
1149 1056 1203 1135 τὴν
1213 1057 1363 1137 ταχίστην

211 1160 332 1228 ἀπιέναι
355 1161 453 1247 λάθρη
475 1167 535 1226 τῶν
558 1163 810 1243 Λακεδαιμονίων,
837 1162 887 1224 καὶ
908 1164 1023 1244 χρυσοῦ
1046 1162 1163 1236 πλῆθος
1189 1158 1362 1240 ἐδωρήσατο

213 1266 290 1351 αύτῷ
306 1268 430 1348 ἐφόδιον
445 1270 497 1344 τῆς
519 1270 627 1348 φυγῆς.
672 1263 723 1352 (3)
744 1267 760 1328 ό
783 1269 816 1330 δέ
833 1267 1043 1343 Θεμιστοκλῆς
1066 1263 1216 1328 πάντοθεν
1238 1263 1362 1326 ἐλαυνό-

211 1396 302 1450 μενος
317 1367 365 1433 καὶ
381 1370 415 1435 τὸ
430 1372 557 1454 χρυσίον
574 1368 736 1450 δεξάμενος
753 1372 847 1451 ἔφυγε
868 1374 972 1435 νυκτδς
992 1371 1025 1431 ἐκ
1046 1371 1099 1445 τῆς
1119 1374 1179 1433 τῶν
1195 1372 1364 1430 Μολοττῶν

213 1474 320 1555 χάρας,
344 1473 586 1553 συμπράττοντος
609 1475 687 1559 αὐτῷ
709 1471 806 1537 πάντα
837 1475 875 1537 τά
900 1479 973 1554 πρδς
1001 1472 1101 1554 φυγὴν
1123 1476 1176 1535 τοῦ
1199 1469 1363 1551 βασιλέως·

213 1579 307 1660 εύρδν
329 1581 361 1642 δέ
384 1579 437 1642 δύο
460 1578 635 1643 νεανίσκους
651 1579 830 1659 Λυγκηστάς
852 1583 887 1642 τδ
909 1576 1007 1658 γένος,
1026 1579 1200 1655 ἐμπορικαῖς
1221 1576 1254 1639 δέ
1276 1576 1362 1654 ἐργα-

213 1681 296 1746 σίαις
317 1681 498 1764 χρωμένους,
522 1682 571 1745 καὶ
593 1679 642 1745 διά
668 1685 756 1747 τοῦτο
777 1687 839 1745 τῶν
862 1681 940 1744 δδῶν
962 1679 1109 1758 ἐμπείρως
1131 1679 1266 1760 ἔχοντας,
1287 1680 1363 1758 μετὰ

212 1785 326 1849 τούτων
340 1786 444 1866 ἔφυγε.
489 1781 536 1871 (4)
552 1784 704 1865 χριόμενος
726 1787 758 1848 δέ
780 1789 964 1862 νυκτεριναῖς
986 1784 1170 1864 όδοιπορίοις
1188 1781 1280 1845 ἔλαθε
1294 1780 1363 1848 τοῦς

215 1890 476 1967 Λακεδαιμονίους,
493 1889 541 1952 καὶ
563 1893 613 1953 διὰ
630 1893 683 1966 τῆς
704 1895 763 1952 τῶν
786 1890 953 1954 νεανίσκων
974 1889 1091 1956 εύνοίας
1108 1914 1141 1952 τε
1162 1890 1212 1953 καὶ
1232 1914 1363 1953 κακοπα-

214 1995 297 2058 θείας
313 1991 497 2070 κατήντησεν
519 1995 561 2059 είς
585 1992 639 2071 τὴν
657 1993 775 2056 Ἀσίαν·
806 1995 933 2057 ἐνταῦθα
955 1992 981 2057 δ’
1002 1993 1082 2076 έχιον
1099 1991 1255 2073 ίδιόξενον,
1272 1993 1365 2070 ὄνομα

213 2097 270 2176 μέν
293 2096 485 2174 Λυσιθείδην,
509 2095 584 2183 δόξῃ
611 2098 645 2161 δὲ
676 2097 726 2160 καὶ
751 2098 872 2182 πλούτῳ
899 2097 1133 2176 θαυμαζόμενον,
1159 2097 1233 2176 πρὸς
1260 2101 1366 2160 τοῦτον

215 2198 394 2280 κατέφυγεν.
447 2195 495 2284 (5)
518 2202 535 2263 δ
557 2202 590 2264 δέ
613 2201 794 2278 Λυσιθείδης
819 2200 965 2282 ἐτύγχανε
987 2202 1080 2269 φίλος
1105 2199 1148 2265 ῶν
1172 2198 1288 2281 Ξέρξου
1313 2204 1366 2263 τοῦ

213 2301 372 2382 βασιλέως
388 2301 436 2367 καὶ
452 2303 526 2368 κατὰ
542 2303 596 2380 τήν
607 2302 754 2383 διάβασιν
769 2309 822 2367 τοῦ
836 2301 950 2383 Ξέρξου
965 2302 1019 2381 τὴν
1032 2303 1155 2381 δύναμιν
1166 2308 1226 2367 τῶν
1237 2307 1367 2385 Περσῶν

214 2404 337 2470 άπασαν
353 2407 519 2472 εἱστιακιύς.
565 2407 667 2486 διόπερ
683 2406 845 2487 συνήθειαν
867 2410 923 2486 μὲν
946 2407 1026 2489 έχων
1048 2407 1123 2488 πρὸς
1146 2413 1198 2472 τδν
1218 2404 1367 2486 βασιλέα,

213 2508 267 2573 τάν
282 2510 316 2573 δέ
331 2509 545 2586 Θεμιστοκλέα
568 2511 617 2575 διά
640 2514 694 2577 τόν
715 2512 805 2576 έλεον
827 2516 928 2573 σῶσαι
945 2512 1144 2591 βουλόμενος,
1166 2511 1367 2592 ἐπηγγείλατο

215 2613 292 2696 αύτῷ
307 2611 406 2677 πάντα
421 2612 616 2694 συμπράξειν.
641 2611 692 2699 (6)
705 2613 859 2694 ἀξιοῦντος
874 2617 906 2678 δέ
922 2619 974 2678 τοῦ
987 2613 1230 2694 Θεμιστοκλέους
1242 2615 1369 2697 ἀγαγεῖν

214 2715 305 2779 αὐτὸν
319 2715 393 2794 πρδς
408 2716 461 2780 τὸν
477 2715 604 2796 Ξέρξην,
624 2717 659 2780 τδ
679 2722 735 2797 μὲν
754 2724 872 2796 πρῶτον
896 2718 1045 2794 ἀντεῖπεν,
1061 2718 1306 2799 ἀποφαινόμενος
1321 2719 1368 2781 ότι

216 2819 440 2899 κολασθήσεται
461 2818 510 2883 διὰ
527 2823 581 2887 τάς
598 2823 674 2885 κατά
688 2827 749 2885 τῶν
765 2827 896 2903 Περσῶν
916 2819 995 2905 αι’τῷ
1010 2820 1210 2903 γεγενημένας
1234 2819 1368 2901 πράξεις,

214 2922 290 3002 μετὰ
312 2927 346 2988 δέ
369 2927 459 2987 ταῦτα
483 2926 587 3004 μαθάιν
613 2931 648 2988 τδ
674 2924 829 3006 συμφέρον
855 2923 1019 3004 ὑπήκουσε,
1046 2927 1095 2988 καὶ
1119 2924 1295 3005 παραδόξως
1320 2927 1370 2989 καὶ

217 3027 368 3108 ἀσφαλῶς
393 3027 482 3091 αὐτὸν
508 3028 657 3093 διέσωσεν
684 3030 727 3094 είς
751 3028 806 3107 τὴν
831 3027 975 3106 Περσίδα.
1021 3025 1067 3114 (7)
1090 3029 1176 3094 έθους
1199 3033 1257 3110 γὰρ
1284 3029 1370 3094 ὄντος

217 3130 297 3213 παρά
311 3136 375 3196 τοῖς
390 3131 526 3213 Πέρσαις
541 3138 593 3197 τδν
607 3131 721 3217 ἀγοντα
741 3131 902 3211 παλλακὴν
916 3129 958 3217 τῷ
974 3136 1102 3204 βασιλεῖ
1115 3133 1246 3211 κομίζειν
1261 3132 1371 3209 ταύτην

216 3231 266 3297 έπί
282 3232 398 3313 ἀπήνης
413 3234 622 3315 κεκρυμμένης,
635 3237 684 3300 καί
699 3242 760 3301 τῶν
772 3235 972 3300 ἀπαντώντων
983 3234 1094 3316 μηδένα
1108 3240 1373 3317 πολυπραγμονεῖν

216 3337 291 3415 μηδὲ
322 3337 385 3400 κατ’
420 3339 496 3419 ὄψιν
531 3339 701 3417 ἀπαντῆσαι
738 3335 774 3424 τῇ
809 3337 949 3423 ἀγομένη,
987 3334 1106 3420 ἀφορμῇ
1134 3338 1226 3424 ταύτῃ
1256 3338 1370 3417 συνέβη

217 3438 393 3522 χρήσασθαι
403 3447 477 3522 πρδς
492 3441 547 3522 τὴν
557 3443 708 3522 ἐπιβολὴν
720 3449 772 3507 τδν
784 3443 976 3519 Λυσιθείδην.
1003 3438 1051 3526 (8)
1066 3441 1373 3522 παρασκευασάμενος

216 3541 275 3625 γάρ
289 3543 343 3622 τὴν
359 3542 477 3624 ἀπήνην
491 3545 675 3610 πολυτελέσι
693 3545 947 3626 παραπετάσμασι
960 3544 1195 3626 κεκοσμημένην,
1208 3548 1250 3612 είς
1262 3546 1372 3624 ταύτην

218 3644 338 3724 ένέθηκε
363 3653 417 3710 τδν
447 3647 672 3728 Θεμιστοκλέα,
702 3646 750 3713 καὶ
776 3652 852 3727 μετὰ
881 3648 982 3728 πόσης
1013 3650 1186 3726 ἀσφαλείας
1218 3650 1373 3715 διαστάσας

218 3748 340 3832 ένέτυχε
362 3746 402 3834 τῷ
420 3755 558 3829 βασιλεῦ,
576 3753 625 3816 καὶ
647 3751 887 3833 πεφυλαγμένως
906 3751 1055 3831 ὁμιλήσας
1077 3753 1172 3831 ἔλαβε
1195 3751 1263 3833 παρ’
1283 3752 1372 3816 αὐτοῦ

218 3852 335 3918 πίστεις
353 3855 447 3933 μηδὲν
462 3852 616 3932 ἀδικήσειν
637 3860 691 3918 τδν
713 3854 815 3935 ἀνδρα.
861 3855 1035 3936 εἰσαγαγὼν
1057 3857 1090 3918 δέ
1112 3855 1202 3918 αὐτὸν
1224 3855 1298 3937 πρδς
1320 3860 1374 3919 τὸν

218 3954 361 4034 βασιλέα,
389 3957 527 4020 κάκείνου
551 3957 655 4023 δόντος
681 3958 722 4042 τῷ
742 3961 945 4037 Θεμιστοκλεῖ
967 3959 1063 4038 λόγον
1086 3959 1135 4021 καὶ
1158 3960 1306 4036 μαθόντος
1333 3957 1373 4025 ῶς

219 4057 305 4122 οὐδέν
326 4058 480 4136 ἠδίκησεν,
503 4060 638 4137 ἀπελύθη
662 4064 714 4139 τῆς
740 4062 891 4141 τιμωρίας.
938 4058 1008 4147 (57)
1030 4060 1121 4138 δόξας
1143 4063 1175 4124 δέ
1198 4059 1373 4141 παραδόξως

219 4160 267 4223 ὑπ’
292 4163 401 4242 ἐχθροῦ
424 4167 641 4237 διασεσῶσθαι,
661 4164 755 4227 πάλιν
778 4166 821 4230 εἷς
843 4164 981 4244 μείζονας
1005 4163 1156 4230 κινδύνους
1178 4165 1306 4229 ἐνέπεσε
1323 4167 1375 4228 διά

219 4263 358 4328 τοιαύτας
374 4264 478 4330 αίτίας.
524 4266 668 4342 Μανδάνη
686 4268 817 4341 Δαρείου
831 4270 886 4346 μὲν
902 4266 938 4346 ἦν
955 4266 1084 4346 θυγάτηρ
1099 4272 1152 4330 τοῦ
1167 4268 1375 4348 φονεύσαντος

221 4367 289 4432 τοῦς
311 4365 434 4448 μάγους,
456 4369 575 4450 ἀδελφὴ
598 4373 630 4434 δέ
652 4371 764 4451 γνησία
784 4374 837 4433 τοῦ
861 4369 986 4450 Ξέρξου,
1008 4372 1153 4451 μεγίστης
1176 4369 1202 4434 δ’
1221 4371 1375 4453 ἀποδοχῆς

219 4471 414 4555 πηχύνουσα
442 4473 522 4556 παρά
548 4479 611 4541 τοῖς
638 4474 784 4556 Πέρσαις.
829 4472 877 4562 (2)
908 4477 980 4552 αῦτη
1007 4483 1067 4539 τῶν
1093 4476 1167 4539 υἱῶν
1192 4473 1374 4556 ἐστερημένη
