<?xml version="1.0" encoding="UTF-8"?>
<!DOCTYPE html PUBLIC "-//W3C//DTD XHTML 1.0 Transitional//EN"
    "http://www.w3.org/TR/xhtml1/DTD/xhtml1-transitional.dtd">
<html xmlns="http://www.w3.org/1999/xhtml" xml:lang="en" lang="en">
 <head>
  <title>
</title>
<meta http-equiv="Content-Type" content="text/html;charset=utf-8" />
  <meta name='ocr-system' content='tesseract 3.04.00' />
  <meta name='ocr-capabilities' content='ocr_page ocr_carea ocr_par ocr_line ocrx_word'/>
</head>
<body>
  <div class='ocr_page' id='page_1' title='image "./sourcesforgreek00hillgoog/sourcesforgreek00hillgoog_0304.png"; bbox 0 0 3000 5046; ppageno 0'>
   <div class='ocr_carea' id='block_1_1' title="bbox 216 354 1370 433">
    <p class='ocr_par' dir='ltr' id='par_1_1' title="bbox 216 354 1370 433">
     <span class='ocr_line' id='line_1_1' title="bbox 216 354 1370 433; baseline 0.001 -16"><span class='ocrx_word' id='word_1_1' title='bbox 216 354 277 417; x_wconf 74' lang='lat'>286</span> <span class='ocrx_word' id='word_1_2' title='bbox 627 355 959 415; x_wconf 80' lang='lat' dir='ltr'><em>BIOGRAPHICAL.</em></span> <span class='ocrx_word' id='word_1_3' title='bbox 1237 366 1370 433; x_wconf 68' lang='lat' dir='ltr'>[omi.</span> 
     </span>
    </p>
   </div>
   <div class='ocr_carea' id='block_1_2' title="bbox 216 548 1372 4572">
    <p class='ocr_par' dir='ltr' id='par_1_2' title="bbox 216 548 1372 3227">
     <span class='ocr_line' id='line_1_2' title="bbox 217 548 1371 634; baseline 0.003 -19"><span class='ocrx_word' id='word_1_4' title='bbox 217 552 337 627; x_wconf 72' lang='grc' dir='ltr'>πολλὴν</span> <span class='ocrx_word' id='word_1_5' title='bbox 358 554 413 631; x_wconf 79' lang='grc' dir='ltr'>μέν</span> <span class='ocrx_word' id='word_1_6' title='bbox 433 548 471 616; x_wconf 85' lang='grc' dir='ltr'>δι’</span> <span class='ocrx_word' id='word_1_7' title='bbox 493 549 664 630; x_wconf 85' lang='grc' dir='ltr'>Ἑλλήνων,</span> <span class='ocrx_word' id='word_1_8' title='bbox 689 551 810 630; x_wconf 71' lang='grc' dir='ltr'>πολλὴν</span> <span class='ocrx_word' id='word_1_9' title='bbox 835 553 868 615; x_wconf 74' lang='grc' dir='ltr'>δέ</span> <span class='ocrx_word' id='word_1_10' title='bbox 895 553 944 617; x_wconf 83' lang='grc' dir='ltr'>καὶ</span> <span class='ocrx_word' id='word_1_11' title='bbox 970 552 1019 616; x_wconf 82' lang='grc' dir='ltr'>διὰ</span> <span class='ocrx_word' id='word_1_12' title='bbox 1041 551 1209 634; x_wconf 90' lang='grc' dir='ltr'>βαρβάρων</span> <span class='ocrx_word' id='word_1_13' title='bbox 1232 552 1371 632; x_wconf 85' lang='grc' dir='ltr'>ἤκουσαν</span> 
     </span>
     <span class='ocr_line' id='line_1_3' title="bbox 219 653 1371 738; baseline 0.003 -21"><span class='ocrx_word' id='word_1_14' title='bbox 219 655 310 738; x_wconf 83' lang='grc' dir='ltr'>ίσχὺν</span> <span class='ocrx_word' id='word_1_15' title='bbox 335 658 381 718; x_wconf 82' lang='grc' dir='ltr'>καὶ</span> <span class='ocrx_word' id='word_1_16' title='bbox 407 653 571 737; x_wconf 79' lang='grc' dir='ltr'>ἡγεμονίαν</span> <span class='ocrx_word' id='word_1_17' title='bbox 597 655 739 732; x_wconf 77' lang='grc' dir='ltr'>ὑπηκόοις</span> <span class='ocrx_word' id='word_1_18' title='bbox 769 654 871 719; x_wconf 89' lang='grc' dir='ltr'>έθνεσι</span> <span class='ocrx_word' id='word_1_19' title='bbox 903 656 952 719; x_wconf 85' lang='grc' dir='ltr'>καὶ</span> <span class='ocrx_word' id='word_1_20' title='bbox 982 656 1101 737; x_wconf 80' lang='grc' dir='ltr'>φιλίαις</span> <span class='ocrx_word' id='word_1_21' title='bbox 1130 655 1290 734; x_wconf 90' lang='grc' dir='ltr'>βασιλέων</span> <span class='ocrx_word' id='word_1_22' title='bbox 1320 653 1371 721; x_wconf 78' lang='grc' dir='ltr'>καῖ</span> 
     </span>
     <span class='ocr_line' id='line_1_4' title="bbox 218 757 1371 841; baseline 0.002 -18"><span class='ocrx_word' id='word_1_23' title='bbox 218 759 401 840; x_wconf 70' lang='grc' dir='ltr'>συμμαχίαις</span> <span class='ocrx_word' id='word_1_24' title='bbox 427 757 640 841; x_wconf 69' lang='grc' dir='ltr'>πεφραγμένην</span> <span class='ocrx_word' id='word_1_25' title='bbox 661 763 827 831; x_wconf 80' lang='grc' dir='ltr'>δυναστῶν,</span> <span class='ocrx_word' id='word_1_26' title='bbox 848 757 945 821; x_wconf 90' lang='grc' dir='ltr'>οὑκέθ’</span> <span class='ocrx_word' id='word_1_27' title='bbox 969 761 986 822; x_wconf 88' lang='grc' dir='ltr'>ὁ</span> <span class='ocrx_word' id='word_1_28' title='bbox 1008 760 1095 826; x_wconf 88' lang='grc' dir='ltr'>αὑτὸς</span> <span class='ocrx_word' id='word_1_29' title='bbox 1118 759 1155 839; x_wconf 79' lang='grc' dir='ltr'>ἦν</span> <span class='ocrx_word' id='word_1_30' title='bbox 1177 759 1238 824; x_wconf 80' lang='grc' dir='ltr'>οὐδ’</span> <span class='ocrx_word' id='word_1_31' title='bbox 1260 760 1371 840; x_wconf 82' lang='grc' dir='ltr'>ὁμοίιος</span> 
     </span>
     <span class='ocr_line' id='line_1_5' title="bbox 217 859 1371 948; baseline 0.001 -22"><span class='ocrx_word' id='word_1_32' title='bbox 217 862 376 946; x_wconf 76' lang='grc' dir='ltr'>χειροήθης</span> <span class='ocrx_word' id='word_1_33' title='bbox 391 863 432 947; x_wconf 69' lang='grc' dir='ltr'>τῷ</span> <span class='ocrx_word' id='word_1_34' title='bbox 449 862 531 948; x_wconf 77' lang='grc' dir='ltr'>δήμῳ</span> <span class='ocrx_word' id='word_1_35' title='bbox 547 860 595 927; x_wconf 80' lang='grc' dir='ltr'>καῖ</span> <span class='ocrx_word' id='word_1_36' title='bbox 610 859 711 946; x_wconf 80' lang='grc' dir='ltr'>ῥᾴδιος</span> <span class='ocrx_word' id='word_1_37' title='bbox 727 862 860 927; x_wconf 78' lang='grc' dir='ltr'>ὑπείκειν</span> <span class='ocrx_word' id='word_1_38' title='bbox 881 859 930 925; x_wconf 76' lang='grc' dir='ltr'>καὶ</span> <span class='ocrx_word' id='word_1_39' title='bbox 952 863 1160 927; x_wconf 80' lang='grc' dir='ltr'>συνενδιδόναι</span> <span class='ocrx_word' id='word_1_40' title='bbox 1180 867 1243 928; x_wconf 86' lang='grc' dir='ltr'>ταῖς</span> <span class='ocrx_word' id='word_1_41' title='bbox 1264 865 1371 927; x_wconf 87' lang='grc' dir='ltr'>έπιθυ-</span> 
     </span>
     <span class='ocr_line' id='line_1_6' title="bbox 217 963 1372 1048; baseline 0 -18"><span class='ocrx_word' id='word_1_42' title='bbox 217 967 300 1044; x_wconf 91' lang='grc' dir='ltr'>μίαις</span> <span class='ocrx_word' id='word_1_43' title='bbox 318 967 422 1048; x_wconf 85' lang='grc' dir='ltr'>ὥσπερ</span> <span class='ocrx_word' id='word_1_44' title='bbox 440 971 547 1031; x_wconf 84' lang='grc' dir='ltr'>πνοαῖς</span> <span class='ocrx_word' id='word_1_45' title='bbox 567 971 626 1029; x_wconf 90' lang='grc' dir='ltr'>τῶν</span> <span class='ocrx_word' id='word_1_46' title='bbox 644 971 781 1043; x_wconf 83' lang='grc' dir='ltr'>πολλῶν,</span> <span class='ocrx_word' id='word_1_47' title='bbox 803 965 874 1029; x_wconf 89' lang='grc' dir='ltr'>ἀλλ’</span> <span class='ocrx_word' id='word_1_48' title='bbox 893 966 925 1029; x_wconf 89' lang='grc' dir='ltr'>έκ</span> <span class='ocrx_word' id='word_1_49' title='bbox 944 970 997 1043; x_wconf 84' lang='grc' dir='ltr'>τῆς</span> <span class='ocrx_word' id='word_1_50' title='bbox 1017 967 1174 1044; x_wconf 76' lang='grc' dir='ltr'>ἀνειμένης</span> <span class='ocrx_word' id='word_1_51' title='bbox 1190 966 1305 1045; x_wconf 88' lang='grc' dir='ltr'>έκείνης</span> <span class='ocrx_word' id='word_1_52' title='bbox 1320 963 1372 1030; x_wconf 80' lang='grc' dir='ltr'>καὶ</span> 
     </span>
     <span class='ocr_line' id='line_1_7' title="bbox 216 1067 1371 1151; baseline 0 -16"><span class='ocrx_word' id='word_1_53' title='bbox 216 1067 475 1149; x_wconf 78' lang='grc' dir='ltr'>ὑποθρυπτομένης</span> <span class='ocrx_word' id='word_1_54' title='bbox 501 1069 566 1133; x_wconf 90' lang='grc' dir='ltr'>ένια</span> <span class='ocrx_word' id='word_1_55' title='bbox 589 1069 780 1149; x_wconf 84' lang='grc' dir='ltr'>δημαγωγίας</span> <span class='ocrx_word' id='word_1_56' title='bbox 801 1070 904 1151; x_wconf 85' lang='grc' dir='ltr'>ὥσπερ</span> <span class='ocrx_word' id='word_1_57' title='bbox 929 1070 1057 1150; x_wconf 78' lang='grc' dir='ltr'>ἀνθηρᾶς</span> <span class='ocrx_word' id='word_1_58' title='bbox 1084 1071 1133 1134; x_wconf 78' lang='grc' dir='ltr'>καὶ</span> <span class='ocrx_word' id='word_1_59' title='bbox 1154 1073 1291 1149; x_wconf 83' lang='grc' dir='ltr'>μαλακῆς</span> <span class='ocrx_word' id='word_1_60' title='bbox 1315 1072 1371 1151; x_wconf 83' lang='grc' dir='ltr'>ἆρ-</span> 
     </span>
     <span class='ocr_line' id='line_1_8' title="bbox 216 1168 1372 1252; baseline 0.001 -16"><span class='ocrx_word' id='word_1_61' title='bbox 216 1173 322 1252; x_wconf 90' lang='grc' dir='ltr'>μουίος</span> <span class='ocrx_word' id='word_1_62' title='bbox 348 1172 596 1252; x_wconf 77' lang='grc' dir='ltr'>ἀριστοκρατικήν</span> <span class='ocrx_word' id='word_1_63' title='bbox 623 1168 673 1235; x_wconf 81' lang='grc' dir='ltr'>καί</span> <span class='ocrx_word' id='word_1_64' title='bbox 698 1172 867 1251; x_wconf 77' lang='grc' dir='ltr'>βασιλικὴν</span> <span class='ocrx_word' id='word_1_65' title='bbox 893 1171 1101 1251; x_wconf 83' lang='grc' dir='ltr'>έντεινάμενος</span> <span class='ocrx_word' id='word_1_66' title='bbox 1127 1175 1295 1250; x_wconf 85' lang='grc' dir='ltr'>πολιτείαν,</span> <span class='ocrx_word' id='word_1_67' title='bbox 1319 1174 1372 1237; x_wconf 86' lang='grc' dir='ltr'>καὶ</span> 
     </span>
     <span class='ocr_line' id='line_1_9' title="bbox 217 1273 1371 1362; baseline -0.001 -22"><span class='ocrx_word' id='word_1_68' title='bbox 217 1279 369 1360; x_wconf 79' lang='grc' dir='ltr'>χριόμενος</span> <span class='ocrx_word' id='word_1_69' title='bbox 384 1275 457 1362; x_wconf 70' lang='grc' dir='ltr'>αὑτῇ</span> <span class='ocrx_word' id='word_1_70' title='bbox 476 1281 550 1358; x_wconf 85' lang='grc' dir='ltr'>πρὸς</span> <span class='ocrx_word' id='word_1_71' title='bbox 565 1275 599 1339; x_wconf 88' lang='grc' dir='ltr'>τὸ</span> <span class='ocrx_word' id='word_1_72' title='bbox 613 1274 780 1355; x_wconf 82' lang='grc' dir='ltr'>βέλτιστον</span> <span class='ocrx_word' id='word_1_73' title='bbox 796 1276 870 1362; x_wconf 73' lang='grc' dir='ltr'>ὀρθῇ</span> <span class='ocrx_word' id='word_1_74' title='bbox 886 1273 934 1340; x_wconf 78' lang='grc' dir='ltr'>καὶ</span> <span class='ocrx_word' id='word_1_75' title='bbox 950 1277 1128 1362; x_wconf 70' lang='grc' dir='ltr'>ἀνεγκλίτῳ,</span> <span class='ocrx_word' id='word_1_76' title='bbox 1142 1280 1181 1340; x_wconf 77' lang='grc' dir='ltr'>τά</span> <span class='ocrx_word' id='word_1_77' title='bbox 1195 1278 1252 1357; x_wconf 67' lang='grc' dir='ltr'>μὲν</span> <span class='ocrx_word' id='word_1_78' title='bbox 1267 1275 1371 1339; x_wconf 76' lang='grc' dir='ltr'>πολλὰ</span> 
     </span>
     <span class='ocr_line' id='line_1_10' title="bbox 217 1376 1371 1463; baseline -0.003 -16"><span class='ocrx_word' id='word_1_79' title='bbox 217 1381 409 1463; x_wconf 84' lang='grc' dir='ltr'>βουλόμενον</span> <span class='ocrx_word' id='word_1_80' title='bbox 429 1379 483 1460; x_wconf 82' lang='grc' dir='ltr'>ήγε</span> <span class='ocrx_word' id='word_1_81' title='bbox 503 1380 615 1444; x_wconf 90' lang='grc' dir='ltr'>πείθων</span> <span class='ocrx_word' id='word_1_82' title='bbox 637 1376 686 1442; x_wconf 78' lang='grc' dir='ltr'>καί</span> <span class='ocrx_word' id='word_1_83' title='bbox 706 1378 857 1443; x_wconf 83' lang='grc' dir='ltr'>διδάσκων</span> <span class='ocrx_word' id='word_1_84' title='bbox 872 1379 923 1444; x_wconf 84' lang='grc' dir='ltr'>τὸν</span> <span class='ocrx_word' id='word_1_85' title='bbox 939 1382 1043 1459; x_wconf 79' lang='grc' dir='ltr'>δῆμον,</span> <span class='ocrx_word' id='word_1_86' title='bbox 1059 1380 1095 1460; x_wconf 79' lang='grc' dir='ltr'>ήν</span> <span class='ocrx_word' id='word_1_87' title='bbox 1113 1381 1139 1444; x_wconf 83' lang='grc' dir='ltr'>δ’</span> <span class='ocrx_word' id='word_1_88' title='bbox 1155 1382 1206 1444; x_wconf 86' lang='grc' dir='ltr'>ὅτε</span> <span class='ocrx_word' id='word_1_89' title='bbox 1222 1376 1269 1443; x_wconf 79' lang='grc' dir='ltr'>καί</span> <span class='ocrx_word' id='word_1_90' title='bbox 1285 1378 1371 1459; x_wconf 89' lang='grc' dir='ltr'>μάλα</span> 
     </span>
     <span class='ocr_line' id='line_1_11' title="bbox 218 1480 1370 1569; baseline -0.003 -19"><span class='ocrx_word' id='word_1_91' title='bbox 218 1485 454 1567; x_wconf 87' lang='grc' dir='ltr'>δυσχεραίνοντα</span> <span class='ocrx_word' id='word_1_92' title='bbox 467 1486 646 1548; x_wconf 86' lang='grc' dir='ltr'>κατατείνων</span> <span class='ocrx_word' id='word_1_93' title='bbox 662 1480 710 1546; x_wconf 74' lang='grc' dir='ltr'>καί</span> <span class='ocrx_word' id='word_1_94' title='bbox 725 1483 947 1563; x_wconf 80' lang='grc' dir='ltr'>προσβιβάζων</span> <span class='ocrx_word' id='word_1_95' title='bbox 955 1486 1109 1567; x_wconf 83' lang='grc' dir='ltr'>έχειροὺτο</span> <span class='ocrx_word' id='word_1_96' title='bbox 1121 1482 1163 1569; x_wconf 64' lang='grc' dir='ltr'>τῷ</span> <span class='ocrx_word' id='word_1_97' title='bbox 1174 1482 1370 1565; x_wconf 87' lang='grc' dir='ltr'>συμφέροντι,</span> 
     </span>
     <span class='ocr_line' id='line_1_12' title="bbox 217 1586 1371 1674; baseline -0.002 -22"><span class='ocrx_word' id='word_1_98' title='bbox 217 1589 396 1671; x_wconf 89' lang='grc' dir='ltr'>μιμούμενος</span> <span class='ocrx_word' id='word_1_99' title='bbox 413 1590 547 1671; x_wconf 86' lang='grc' dir='ltr'>άτεχνῶς</span> <span class='ocrx_word' id='word_1_100' title='bbox 568 1590 669 1669; x_wconf 81' lang='grc' dir='ltr'>έοτρδν</span> <span class='ocrx_word' id='word_1_101' title='bbox 685 1587 811 1672; x_wconf 83' lang='grc' dir='ltr'>ποικίλῳ</span> <span class='ocrx_word' id='word_1_102' title='bbox 828 1586 976 1667; x_wconf 81' lang='grc' dir='ltr'>νοσήματι</span> <span class='ocrx_word' id='word_1_103' title='bbox 992 1589 1040 1651; x_wconf 88' lang='grc' dir='ltr'>καὶ</span> <span class='ocrx_word' id='word_1_104' title='bbox 1055 1590 1158 1674; x_wconf 85' lang='grc' dir='ltr'>μακρῷ</span> <span class='ocrx_word' id='word_1_105' title='bbox 1174 1590 1250 1651; x_wconf 85' lang='grc' dir='ltr'>κατά</span> <span class='ocrx_word' id='word_1_106' title='bbox 1266 1593 1371 1666; x_wconf 87' lang='grc' dir='ltr'>καιρὸν</span> 
     </span>
     <span class='ocr_line' id='line_1_13' title="bbox 217 1690 1369 1773; baseline -0.003 -17"><span class='ocrx_word' id='word_1_107' title='bbox 217 1695 273 1773; x_wconf 79' lang='grc' dir='ltr'>μέν</span> <span class='ocrx_word' id='word_1_108' title='bbox 293 1691 403 1769; x_wconf 82' lang='grc' dir='ltr'>ήδονάς</span> <span class='ocrx_word' id='word_1_109' title='bbox 421 1692 582 1771; x_wconf 76' lang='grc' dir='ltr'>ἀβλαβεῖς,</span> <span class='ocrx_word' id='word_1_110' title='bbox 598 1694 673 1754; x_wconf 88' lang='grc' dir='ltr'>κατά</span> <span class='ocrx_word' id='word_1_111' title='bbox 691 1696 795 1771; x_wconf 90' lang='grc' dir='ltr'>καιρὸν</span> <span class='ocrx_word' id='word_1_112' title='bbox 808 1693 841 1754; x_wconf 79' lang='grc' dir='ltr'>δὲ</span> <span class='ocrx_word' id='word_1_113' title='bbox 857 1691 987 1772; x_wconf 78' lang='grc' dir='ltr'>δηγμοὺς</span> <span class='ocrx_word' id='word_1_114' title='bbox 1007 1694 1054 1754; x_wconf 83' lang='grc' dir='ltr'>καὶ</span> <span class='ocrx_word' id='word_1_115' title='bbox 1071 1692 1215 1772; x_wconf 85' lang='grc' dir='ltr'>φάρμακα</span> <span class='ocrx_word' id='word_1_116' title='bbox 1230 1690 1369 1772; x_wconf 89' lang='grc' dir='ltr'>προσφέ-</span> 
     </span>
     <span class='ocr_line' id='line_1_14' title="bbox 217 1794 1370 1881; baseline -0.002 -20"><span class='ocrx_word' id='word_1_117' title='bbox 217 1822 307 1878; x_wconf 91' lang='grc' dir='ltr'>ροντα</span> <span class='ocrx_word' id='word_1_118' title='bbox 323 1794 466 1876; x_wconf 88' lang='grc' dir='ltr'>σωτήρια.</span> <span class='ocrx_word' id='word_1_119' title='bbox 497 1800 696 1859; x_wconf 81' lang='grc' dir='ltr'>παντοδαπῶν</span> <span class='ocrx_word' id='word_1_120' title='bbox 712 1795 778 1877; x_wconf 88' lang='grc' dir='ltr'>γάρ,</span> <span class='ocrx_word' id='word_1_121' title='bbox 794 1794 833 1862; x_wconf 88' lang='grc' dir='ltr'>ῶς</span> <span class='ocrx_word' id='word_1_122' title='bbox 847 1796 935 1874; x_wconf 83' lang='grc' dir='ltr'>είκός,</span> <span class='ocrx_word' id='word_1_123' title='bbox 946 1799 1052 1859; x_wconf 84' lang='grc' dir='ltr'>παθῶν</span> <span class='ocrx_word' id='word_1_124' title='bbox 1068 1797 1101 1859; x_wconf 89' lang='grc' dir='ltr'>έν</span> <span class='ocrx_word' id='word_1_125' title='bbox 1116 1797 1201 1881; x_wconf 85' lang='grc' dir='ltr'>όχλιρ</span> <span class='ocrx_word' id='word_1_126' title='bbox 1215 1794 1370 1872; x_wconf 74' lang='grc' dir='ltr'>τοσαύτην</span> 
     </span>
     <span class='ocr_line' id='line_1_15' title="bbox 219 1898 1369 1983; baseline -0.001 -21"><span class='ocrx_word' id='word_1_127' title='bbox 219 1907 252 1964; x_wconf 88' lang='grc' dir='ltr'>τδ</span> <span class='ocrx_word' id='word_1_128' title='bbox 274 1898 402 1982; x_wconf 90' lang='grc' dir='ltr'>μέγεθος</span> <span class='ocrx_word' id='word_1_129' title='bbox 424 1898 519 1981; x_wconf 77' lang='grc' dir='ltr'>ἀρχὴν</span> <span class='ocrx_word' id='word_1_130' title='bbox 543 1900 642 1983; x_wconf 90' lang='grc' dir='ltr'>έχοντι</span> <span class='ocrx_word' id='word_1_131' title='bbox 663 1899 829 1980; x_wconf 85' lang='grc' dir='ltr'>φυομένων,</span> <span class='ocrx_word' id='word_1_132' title='bbox 852 1899 944 1977; x_wconf 88' lang='grc' dir='ltr'>μόνος</span> <span class='ocrx_word' id='word_1_133' title='bbox 966 1900 1104 1980; x_wconf 85' lang='grc' dir='ltr'>έμμελῶς</span> <span class='ocrx_word' id='word_1_134' title='bbox 1122 1900 1236 1963; x_wconf 88' lang='grc' dir='ltr'>έκοστα</span> <span class='ocrx_word' id='word_1_135' title='bbox 1253 1903 1369 1980; x_wconf 87' lang='grc' dir='ltr'>διαχει-</span> 
     </span>
     <span class='ocr_line' id='line_1_16' title="bbox 218 2000 1370 2085; baseline -0.003 -17"><span class='ocrx_word' id='word_1_136' title='bbox 218 2005 363 2085; x_wconf 88' lang='grc' dir='ltr'>ρίσασθαι</span> <span class='ocrx_word' id='word_1_137' title='bbox 393 2003 543 2084; x_wconf 83' lang='grc' dir='ltr'>πεφυκός,</span> <span class='ocrx_word' id='word_1_138' title='bbox 575 2001 709 2080; x_wconf 88' lang='grc' dir='ltr'>μάλιστα</span> <span class='ocrx_word' id='word_1_139' title='bbox 739 2002 765 2066; x_wconf 92' lang='grc' dir='ltr'>δ’</span> <span class='ocrx_word' id='word_1_140' title='bbox 792 2003 897 2066; x_wconf 87' lang='grc' dir='ltr'>έλπίσι</span> <span class='ocrx_word' id='word_1_141' title='bbox 928 2000 977 2067; x_wconf 80' lang='grc' dir='ltr'>καῖ</span> <span class='ocrx_word' id='word_1_142' title='bbox 1008 2005 1121 2084; x_wconf 89' lang='grc' dir='ltr'>φόβοις</span> <span class='ocrx_word' id='word_1_143' title='bbox 1151 2004 1254 2083; x_wconf 83' lang='grc' dir='ltr'>ὥσπερ</span> <span class='ocrx_word' id='word_1_144' title='bbox 1286 2000 1370 2081; x_wconf 79' lang='grc' dir='ltr'>οἴαξι</span> 
     </span>
     <span class='ocr_line' id='line_1_17' title="bbox 218 2103 1370 2190; baseline -0.003 -18"><span class='ocrx_word' id='word_1_145' title='bbox 218 2107 475 2190; x_wconf 85' lang='grc' dir='ltr'>προαναστέλλων</span> <span class='ocrx_word' id='word_1_146' title='bbox 496 2105 531 2170; x_wconf 86' lang='grc' dir='ltr'>τὸ</span> <span class='ocrx_word' id='word_1_147' title='bbox 550 2106 770 2186; x_wconf 84' lang='grc' dir='ltr'>θρασυνόμενον</span> <span class='ocrx_word' id='word_1_148' title='bbox 789 2107 886 2171; x_wconf 88' lang='grc' dir='ltr'>αὑτῶν</span> <span class='ocrx_word' id='word_1_149' title='bbox 908 2103 956 2169; x_wconf 79' lang='grc' dir='ltr'>καί</span> <span class='ocrx_word' id='word_1_150' title='bbox 977 2106 1011 2170; x_wconf 86' lang='grc' dir='ltr'>τὸ</span> <span class='ocrx_word' id='word_1_151' title='bbox 1029 2106 1180 2185; x_wconf 79' lang='grc' dir='ltr'>δύσθυμον</span> <span class='ocrx_word' id='word_1_152' title='bbox 1202 2107 1297 2172; x_wconf 84' lang='grc' dir='ltr'>ἀνιεὶς</span> <span class='ocrx_word' id='word_1_153' title='bbox 1320 2107 1370 2168; x_wconf 85' lang='grc' dir='ltr'>καὶ</span> 
     </span>
     <span class='ocr_line' id='line_1_18' title="bbox 218 2207 1370 2292; baseline 0.001 -20"><span class='ocrx_word' id='word_1_154' title='bbox 218 2210 494 2292; x_wconf 89' lang='grc' dir='ltr'>παραμυθούμενος,</span> <span class='ocrx_word' id='word_1_155' title='bbox 519 2207 614 2288; x_wconf 80' lang='grc' dir='ltr'>έδειξε</span> <span class='ocrx_word' id='word_1_156' title='bbox 635 2209 691 2288; x_wconf 77' lang='grc' dir='ltr'>τὴν</span> <span class='ocrx_word' id='word_1_157' title='bbox 711 2209 872 2291; x_wconf 77' lang='grc' dir='ltr'>ῥητορικὴν</span> <span class='ocrx_word' id='word_1_158' title='bbox 896 2212 969 2273; x_wconf 86' lang='grc' dir='ltr'>κατά</span> <span class='ocrx_word' id='word_1_159' title='bbox 992 2209 1144 2273; x_wconf 88' lang='grc' dir='ltr'>Πλάτωνα</span> <span class='ocrx_word' id='word_1_160' title='bbox 1165 2208 1370 2292; x_wconf 76' lang='grc' dir='ltr'>ψυχαγωγίαν</span> 
     </span>
     <span class='ocr_line' id='line_1_19' title="bbox 218 2311 1370 2395; baseline -0.002 -16"><span class='ocrx_word' id='word_1_161' title='bbox 218 2314 314 2379; x_wconf 87' lang='grc' dir='ltr'>οὑσαν</span> <span class='ocrx_word' id='word_1_162' title='bbox 330 2311 377 2377; x_wconf 78' lang='grc' dir='ltr'>καὶ</span> <span class='ocrx_word' id='word_1_163' title='bbox 393 2313 538 2394; x_wconf 82' lang='grc' dir='ltr'>μέγιστον</span> <span class='ocrx_word' id='word_1_164' title='bbox 554 2313 642 2395; x_wconf 90' lang='grc' dir='ltr'>έργον</span> <span class='ocrx_word' id='word_1_165' title='bbox 656 2313 746 2390; x_wconf 78' lang='grc' dir='ltr'>αὑτῆς</span> <span class='ocrx_word' id='word_1_166' title='bbox 762 2313 817 2392; x_wconf 75' lang='grc' dir='ltr'>τὴν</span> <span class='ocrx_word' id='word_1_167' title='bbox 835 2311 902 2394; x_wconf 83' lang='grc' dir='ltr'>περὶ</span> <span class='ocrx_word' id='word_1_168' title='bbox 924 2312 962 2376; x_wconf 89' lang='grc' dir='ltr'>τά</span> <span class='ocrx_word' id='word_1_169' title='bbox 979 2311 1036 2392; x_wconf 90' lang='grc' dir='ltr'>ήθη</span> <span class='ocrx_word' id='word_1_170' title='bbox 1056 2314 1106 2377; x_wconf 81' lang='grc' dir='ltr'>καὶ</span> <span class='ocrx_word' id='word_1_171' title='bbox 1127 2311 1208 2392; x_wconf 90' lang='grc' dir='ltr'>πάθη</span> <span class='ocrx_word' id='word_1_172' title='bbox 1230 2314 1370 2391; x_wconf 81' lang='grc' dir='ltr'>μέθοδον,</span> 
     </span>
     <span class='ocr_line' id='line_1_20' title="bbox 219 2413 1369 2498; baseline -0.002 -17"><span class='ocrx_word' id='word_1_173' title='bbox 219 2418 322 2498; x_wconf 82' lang='grc' dir='ltr'>ῶσπερ</span> <span class='ocrx_word' id='word_1_174' title='bbox 338 2420 420 2481; x_wconf 79' lang='grc' dir='ltr'>τινάς</span> <span class='ocrx_word' id='word_1_175' title='bbox 447 2416 551 2482; x_wconf 82' lang='grc' dir='ltr'>τόνους</span> <span class='ocrx_word' id='word_1_176' title='bbox 575 2417 625 2479; x_wconf 85' lang='grc' dir='ltr'>καὶ</span> <span class='ocrx_word' id='word_1_177' title='bbox 646 2417 801 2498; x_wconf 87' lang='grc' dir='ltr'>φθόγγους</span> <span class='ocrx_word' id='word_1_178' title='bbox 823 2419 925 2498; x_wconf 75' lang='grc' dir='ltr'>ψυχῆς</span> <span class='ocrx_word' id='word_1_179' title='bbox 946 2413 1019 2496; x_wconf 88' lang='grc' dir='ltr'>μόλ’</span> <span class='ocrx_word' id='word_1_180' title='bbox 1043 2417 1190 2497; x_wconf 75' lang='grc' dir='ltr'>ἐμμελοῦς</span> <span class='ocrx_word' id='word_1_181' title='bbox 1212 2417 1294 2496; x_wconf 82' lang='grc' dir='ltr'>άφής</span> <span class='ocrx_word' id='word_1_182' title='bbox 1318 2413 1369 2480; x_wconf 82' lang='grc' dir='ltr'>καὶ</span> 
     </span>
     <span class='ocr_line' id='line_1_21' title="bbox 219 2517 1370 2605; baseline -0.003 -20"><span class='ocrx_word' id='word_1_183' title='bbox 219 2520 368 2601; x_wconf 82' lang='grc' dir='ltr'>κρούσεως</span> <span class='ocrx_word' id='word_1_184' title='bbox 391 2518 558 2599; x_wconf 85' lang='grc' dir='ltr'>δεομένους.</span> <span class='ocrx_word' id='word_1_185' title='bbox 603 2519 683 2582; x_wconf 79' lang='grc' dir='ltr'>αἰτία</span> <span class='ocrx_word' id='word_1_186' title='bbox 698 2521 724 2583; x_wconf 92' lang='grc' dir='ltr'>δ’</span> <span class='ocrx_word' id='word_1_187' title='bbox 739 2521 796 2605; x_wconf 86' lang='grc' dir='ltr'>οὑχ</span> <span class='ocrx_word' id='word_1_188' title='bbox 810 2519 828 2597; x_wconf 79' lang='grc' dir='ltr'><strong><em>ἡ</em></strong></span> <span class='ocrx_word' id='word_1_189' title='bbox 841 2526 894 2584; x_wconf 79' lang='grc' dir='ltr'>τοῖν</span> <span class='ocrx_word' id='word_1_190' title='bbox 910 2521 1005 2603; x_wconf 87' lang='grc' dir='ltr'>λόγου</span> <span class='ocrx_word' id='word_1_191' title='bbox 1020 2524 1122 2599; x_wconf 81' lang='grc' dir='ltr'>ψιλῶς</span> <span class='ocrx_word' id='word_1_192' title='bbox 1140 2520 1271 2599; x_wconf 90' lang='grc' dir='ltr'>δύναμις,</span> <span class='ocrx_word' id='word_1_193' title='bbox 1287 2517 1370 2596; x_wconf 86' lang='grc' dir='ltr'>ἀλλ’,</span> 
     </span>
     <span class='ocr_line' id='line_1_22' title="bbox 219 2621 1370 2704; baseline 0 -16"><span class='ocrx_word' id='word_1_194' title='bbox 219 2624 259 2691; x_wconf 83' lang='grc' dir='ltr'>ῶς</span> <span class='ocrx_word' id='word_1_195' title='bbox 275 2624 459 2701; x_wconf 83' lang='grc' dir='ltr'>Θουκυδίδης</span> <span class='ocrx_word' id='word_1_196' title='bbox 478 2625 585 2703; x_wconf 84' lang='grc' dir='ltr'>φησίν,</span> <span class='ocrx_word' id='word_1_197' title='bbox 600 2623 618 2703; x_wconf 79' lang='grc' dir='ltr'><em>ἡ</em></span> <span class='ocrx_word' id='word_1_198' title='bbox 635 2621 702 2703; x_wconf 72' lang='grc' dir='ltr'>περὶ</span> <span class='ocrx_word' id='word_1_199' title='bbox 724 2629 776 2687; x_wconf 86' lang='grc' dir='ltr'>τάν</span> <span class='ocrx_word' id='word_1_200' title='bbox 797 2623 870 2703; x_wconf 90' lang='grc' dir='ltr'>βίον</span> <span class='ocrx_word' id='word_1_201' title='bbox 893 2623 966 2704; x_wconf 81' lang='grc' dir='ltr'>δόξα</span> <span class='ocrx_word' id='word_1_202' title='bbox 984 2621 1032 2689; x_wconf 81' lang='grc' dir='ltr'>καῖ</span> <span class='ocrx_word' id='word_1_203' title='bbox 1054 2624 1157 2689; x_wconf 87' lang='grc' dir='ltr'>πίστις</span> <span class='ocrx_word' id='word_1_204' title='bbox 1179 2626 1231 2685; x_wconf 84' lang='grc' dir='ltr'>τοῦ</span> <span class='ocrx_word' id='word_1_205' title='bbox 1254 2622 1370 2702; x_wconf 91' lang='grc' dir='ltr'>ἀνδρός,</span> 
     </span>
     <span class='ocr_line' id='line_1_23' title="bbox 219 2725 1369 2813; baseline -0.003 -20"><span class='ocrx_word' id='word_1_206' title='bbox 219 2726 405 2812; x_wconf 78' lang='grc' dir='ltr'>ἀδωροτάτου</span> <span class='ocrx_word' id='word_1_207' title='bbox 429 2733 599 2807; x_wconf 86' lang='grc' dir='ltr'>περιφανῶς</span> <span class='ocrx_word' id='word_1_208' title='bbox 620 2727 781 2807; x_wconf 89' lang='grc' dir='ltr'>γενομένου</span> <span class='ocrx_word' id='word_1_209' title='bbox 802 2726 850 2792; x_wconf 80' lang='grc' dir='ltr'>καὶ</span> <span class='ocrx_word' id='word_1_210' title='bbox 868 2728 1029 2813; x_wconf 89' lang='grc' dir='ltr'>χρημάτων</span> <span class='ocrx_word' id='word_1_211' title='bbox 1053 2729 1228 2810; x_wconf 87' lang='grc' dir='ltr'>κρείττονος·</span> <span class='ocrx_word' id='word_1_212' title='bbox 1265 2725 1296 2791; x_wconf 89' lang='grc' dir='ltr'>δς</span> <span class='ocrx_word' id='word_1_213' title='bbox 1319 2725 1369 2790; x_wconf 79' lang='grc' dir='ltr'>καὶ</span> 
     </span>
     <span class='ocr_line' id='line_1_24' title="bbox 219 2830 1368 2913; baseline -0.003 -17"><span class='ocrx_word' id='word_1_214' title='bbox 219 2834 274 2912; x_wconf 78' lang='grc' dir='ltr'>τήν</span> <span class='ocrx_word' id='word_1_215' title='bbox 289 2832 382 2896; x_wconf 88' lang='grc' dir='ltr'>πόλιν</span> <span class='ocrx_word' id='word_1_216' title='bbox 397 2834 430 2894; x_wconf 87' lang='grc' dir='ltr'>έκ</span> <span class='ocrx_word' id='word_1_217' title='bbox 444 2831 578 2913; x_wconf 85' lang='grc' dir='ltr'>μεγάλης</span> <span class='ocrx_word' id='word_1_218' title='bbox 592 2831 741 2913; x_wconf 87' lang='grc' dir='ltr'>μεγίστην</span> <span class='ocrx_word' id='word_1_219' title='bbox 758 2834 806 2896; x_wconf 86' lang='grc' dir='ltr'>καὶ</span> <span class='ocrx_word' id='word_1_220' title='bbox 821 2832 1053 2911; x_wconf 84' lang='grc' dir='ltr'>πλουσιωτάτην</span> <span class='ocrx_word' id='word_1_221' title='bbox 1069 2830 1199 2908; x_wconf 84' lang='grc' dir='ltr'>ποιήσας</span> <span class='ocrx_word' id='word_1_222' title='bbox 1215 2831 1264 2894; x_wconf 80' lang='grc' dir='ltr'>καὶ</span> <span class='ocrx_word' id='word_1_223' title='bbox 1279 2830 1368 2912; x_wconf 87' lang='grc' dir='ltr'>γενό-</span> 
     </span>
     <span class='ocr_line' id='line_1_25' title="bbox 218 2933 1369 3017; baseline -0.003 -17"><span class='ocrx_word' id='word_1_224' title='bbox 218 2961 308 3015; x_wconf 91' lang='grc' dir='ltr'>μενος</span> <span class='ocrx_word' id='word_1_225' title='bbox 330 2933 452 3014; x_wconf 87' lang='grc' dir='ltr'>δυνάμει</span> <span class='ocrx_word' id='word_1_226' title='bbox 473 2940 599 2999; x_wconf 86' lang='grc' dir='ltr'>πολλῶν</span> <span class='ocrx_word' id='word_1_227' title='bbox 621 2936 781 3015; x_wconf 89' lang='grc' dir='ltr'>βασιλέων</span> <span class='ocrx_word' id='word_1_228' title='bbox 804 2934 853 3000; x_wconf 79' lang='grc' dir='ltr'>καὶ</span> <span class='ocrx_word' id='word_1_229' title='bbox 876 2934 1029 3016; x_wconf 88' lang='grc' dir='ltr'>τυράννων</span> <span class='ocrx_word' id='word_1_230' title='bbox 1048 2935 1219 3017; x_wconf 90' lang='grc' dir='ltr'>ὑπέρτερος,</span> <span class='ocrx_word' id='word_1_231' title='bbox 1235 2937 1277 2999; x_wconf 88' lang='grc' dir='ltr'>ῶν</span> <span class='ocrx_word' id='word_1_232' title='bbox 1291 2934 1369 2998; x_wconf 89' lang='grc' dir='ltr'>ένιοι</span> 
     </span>
     <span class='ocr_line' id='line_1_26' title="bbox 220 3037 1368 3127; baseline 0 -25"><span class='ocrx_word' id='word_1_233' title='bbox 220 3041 269 3104; x_wconf 83' lang='grc' dir='ltr'>καὶ</span> <span class='ocrx_word' id='word_1_234' title='bbox 292 3039 342 3103; x_wconf 88' lang='grc' dir='ltr'>έπὶ</span> <span class='ocrx_word' id='word_1_235' title='bbox 364 3044 427 3105; x_wconf 90' lang='grc' dir='ltr'>τοῖς</span> <span class='ocrx_word' id='word_1_236' title='bbox 444 3037 524 3102; x_wconf 80' lang='grc' dir='ltr'>υἱέσι</span> <span class='ocrx_word' id='word_1_237' title='bbox 546 3038 689 3115; x_wconf 85' lang='grc' dir='ltr'>διέθεντο,</span> <span class='ocrx_word' id='word_1_238' title='bbox 704 3040 817 3105; x_wconf 68' lang='grc' dir='ltr'>ἐκεῖνος</span> <span class='ocrx_word' id='word_1_239' title='bbox 835 3039 889 3122; x_wconf 75' lang='grc' dir='ltr'>μιᾷ</span> <span class='ocrx_word' id='word_1_240' title='bbox 909 3040 1028 3127; x_wconf 75' lang='grc' dir='ltr'>δραχμῇ</span> <span class='ocrx_word' id='word_1_241' title='bbox 1048 3040 1170 3120; x_wconf 80' lang='grc' dir='ltr'>μείζονα</span> <span class='ocrx_word' id='word_1_242' title='bbox 1189 3038 1243 3118; x_wconf 79' lang='grc' dir='ltr'>τήν</span> <span class='ocrx_word' id='word_1_243' title='bbox 1261 3037 1368 3102; x_wconf 88' lang='grc' dir='ltr'>οὑσίαν</span> 
     </span>
     <span class='ocr_line' id='line_1_27' title="bbox 219 3141 886 3227; baseline -0.004 -20"><span class='ocrx_word' id='word_1_244' title='bbox 219 3143 272 3208; x_wconf 90' lang='grc' dir='ltr'>οὑκ</span> <span class='ocrx_word' id='word_1_245' title='bbox 289 3142 433 3221; x_wconf 90' lang='grc' dir='ltr'>έποίησεν</span> <span class='ocrx_word' id='word_1_246' title='bbox 447 3141 483 3221; x_wconf 78' lang='grc' dir='ltr'>ἧς</span> <span class='ocrx_word' id='word_1_247' title='bbox 498 3143 515 3204; x_wconf 92' lang='grc' dir='ltr'>ό</span> <span class='ocrx_word' id='word_1_248' title='bbox 531 3141 629 3223; x_wconf 72' lang='grc' dir='ltr'>πατὴρ</span> <span class='ocrx_word' id='word_1_249' title='bbox 644 3141 722 3227; x_wconf 68' lang='grc' dir='ltr'>αὑτῷ</span> <span class='ocrx_word' id='word_1_250' title='bbox 733 3142 886 3207; x_wconf 89' lang='grc' dir='ltr'>κατέλιπε.</span> 
     </span>
    </p>

    <p class='ocr_par' dir='ltr' id='par_1_3' title="bbox 218 3245 1369 3844">
     <span class='ocr_line' id='line_1_28' title="bbox 266 3245 1367 3327; baseline -0.001 -17"><span class='ocrx_word' id='word_1_251' title='bbox 266 3247 315 3310; x_wconf 91' lang='grc'>16.</span> <span class='ocrx_word' id='word_1_252' title='bbox 341 3245 445 3308; x_wconf 83' lang='grc' dir='ltr'>Καίτοι</span> <span class='ocrx_word' id='word_1_253' title='bbox 467 3245 522 3323; x_wconf 79' lang='grc' dir='ltr'>τὴν</span> <span class='ocrx_word' id='word_1_254' title='bbox 537 3246 659 3323; x_wconf 88' lang='grc' dir='ltr'>δύναμιν</span> <span class='ocrx_word' id='word_1_255' title='bbox 673 3247 762 3310; x_wconf 78' lang='grc' dir='ltr'>αὑτοῦ</span> <span class='ocrx_word' id='word_1_256' title='bbox 780 3252 887 3327; x_wconf 81' lang='grc' dir='ltr'>σαφῶς</span> <span class='ocrx_word' id='word_1_257' title='bbox 904 3250 960 3326; x_wconf 80' lang='grc' dir='ltr'>μὲν</span> <span class='ocrx_word' id='word_1_258' title='bbox 975 3248 991 3309; x_wconf 90' lang='grc' dir='ltr'>ό</span> <span class='ocrx_word' id='word_1_259' title='bbox 1007 3247 1189 3324; x_wconf 83' lang='grc' dir='ltr'>Θουκυδίδης</span> <span class='ocrx_word' id='word_1_260' title='bbox 1208 3251 1367 3327; x_wconf 89' lang='grc' dir='ltr'>διηγεῖται,</span> 
     </span>
     <span class='ocr_line' id='line_1_29' title="bbox 219 3348 1366 3433; baseline 0 -17"><span class='ocrx_word' id='word_1_261' title='bbox 219 3349 372 3428; x_wconf 83' lang='grc' dir='ltr'>κακοήθως</span> <span class='ocrx_word' id='word_1_262' title='bbox 394 3354 425 3415; x_wconf 79' lang='grc' dir='ltr'>δὲ</span> <span class='ocrx_word' id='word_1_263' title='bbox 450 3348 710 3431; x_wconf 88' lang='grc' dir='ltr'>παρεμφαίνουσιν</span> <span class='ocrx_word' id='word_1_264' title='bbox 732 3352 761 3414; x_wconf 84' lang='grc' dir='ltr'>οἱ</span> <span class='ocrx_word' id='word_1_265' title='bbox 784 3351 915 3429; x_wconf 90' lang='grc' dir='ltr'>κωμικοί,</span> <span class='ocrx_word' id='word_1_266' title='bbox 932 3351 1184 3433; x_wconf 86' lang='grc' dir='ltr'>Πεισιστρατίδας</span> <span class='ocrx_word' id='word_1_267' title='bbox 1206 3351 1261 3428; x_wconf 78' lang='grc' dir='ltr'>μὲν</span> <span class='ocrx_word' id='word_1_268' title='bbox 1284 3351 1366 3416; x_wconf 86' lang='grc' dir='ltr'>νέους</span> 
     </span>
     <span class='ocr_line' id='line_1_30' title="bbox 219 3450 1369 3537; baseline -0.001 -17"><span class='ocrx_word' id='word_1_269' title='bbox 219 3453 287 3520; x_wconf 87' lang='grc' dir='ltr'>τοὺς</span> <span class='ocrx_word' id='word_1_270' title='bbox 303 3450 371 3537; x_wconf 83' lang='grc' dir='ltr'>περὶ</span> <span class='ocrx_word' id='word_1_271' title='bbox 383 3454 471 3518; x_wconf 82' lang='grc' dir='ltr'>αὑτὸν</span> <span class='ocrx_word' id='word_1_272' title='bbox 483 3453 615 3536; x_wconf 81' lang='grc' dir='ltr'>ἑταίρους</span> <span class='ocrx_word' id='word_1_273' title='bbox 627 3458 799 3532; x_wconf 79' lang='grc' dir='ltr'>καλοῦντες,</span> <span class='ocrx_word' id='word_1_274' title='bbox 808 3454 897 3519; x_wconf 84' lang='grc' dir='ltr'>αὑτὸν</span> <span class='ocrx_word' id='word_1_275' title='bbox 909 3451 935 3518; x_wconf 90' lang='grc' dir='ltr'>δ’</span> <span class='ocrx_word' id='word_1_276' title='bbox 946 3455 1099 3530; x_wconf 89' lang='grc' dir='ltr'>ἀπομόσαι</span> <span class='ocrx_word' id='word_1_277' title='bbox 1114 3454 1154 3532; x_wconf 77' lang='grc' dir='ltr'>μὴ</span> <span class='ocrx_word' id='word_1_278' title='bbox 1169 3451 1369 3535; x_wconf 86' lang='grc' dir='ltr'>τυραννήσειν</span> 
     </span>
     <span class='ocr_line' id='line_1_31' title="bbox 219 3546 1367 3640; baseline -0.004 -16"><span class='ocrx_word' id='word_1_279' title='bbox 219 3558 402 3633; x_wconf 86' lang='grc' dir='ltr'>κελεύοντες,</span> <span class='ocrx_word' id='word_1_280' title='bbox 427 3556 466 3624; x_wconf 83' lang='grc' dir='ltr'>ῶς</span> <span class='ocrx_word' id='word_1_281' title='bbox 493 3556 682 3640; x_wconf 85' lang='grc' dir='ltr'>ἀσυμμέτρου</span> <span class='ocrx_word' id='word_1_282' title='bbox 707 3564 781 3638; x_wconf 87' lang='grc' dir='ltr'>πρὸς</span> <span class='ocrx_word' id='word_1_283' title='bbox 807 3546 1005 3640; x_wconf 87' lang='grc' dir='ltr'>δημοκρατίαν</span> <span class='ocrx_word' id='word_1_284' title='bbox 1032 3556 1080 3621; x_wconf 87' lang='grc' dir='ltr'>καὶ</span> <span class='ocrx_word' id='word_1_285' title='bbox 1105 3556 1273 3639; x_wconf 88' lang='grc' dir='ltr'>βαρυτέρας</span> <span class='ocrx_word' id='word_1_286' title='bbox 1299 3553 1367 3638; x_wconf 81' lang='grc' dir='ltr'>περὶ</span> 
     </span>
     <span class='ocr_line' id='line_1_32' title="bbox 218 3659 1367 3745; baseline -0.005 -18"><span class='ocrx_word' id='word_1_287' title='bbox 218 3663 309 3729; x_wconf 80' lang='grc' dir='ltr'>αὑτὸν</span> <span class='ocrx_word' id='word_1_288' title='bbox 323 3662 414 3739; x_wconf 86' lang='grc' dir='ltr'>οὑοης</span> <span class='ocrx_word' id='word_1_289' title='bbox 428 3663 585 3744; x_wconf 79' lang='grc' dir='ltr'>ὑπεροχῆς.</span> <span class='ocrx_word' id='word_1_290' title='bbox 624 3661 686 3724; x_wconf 75' lang='grc' dir='ltr'>όδέ</span> <span class='ocrx_word' id='word_1_291' title='bbox 699 3662 903 3740; x_wconf 86' lang='grc' dir='ltr'>Τηλεκλείδης</span> <span class='ocrx_word' id='word_1_292' title='bbox 919 3661 1157 3742; x_wconf 87' lang='grc' dir='ltr'>παραδεδωκέναι</span> <span class='ocrx_word' id='word_1_293' title='bbox 1173 3661 1270 3741; x_wconf 86' lang='grc' dir='ltr'>φησὶν</span> <span class='ocrx_word' id='word_1_294' title='bbox 1285 3659 1367 3745; x_wconf 78' lang='grc' dir='ltr'>αὐτῷ</span> 
     </span>
     <span class='ocr_line' id='line_1_33' title="bbox 218 3764 477 3844; baseline -0.004 -13"><span class='ocrx_word' id='word_1_295' title='bbox 218 3765 287 3831; x_wconf 83' lang='grc' dir='ltr'>τοὺς</span> <span class='ocrx_word' id='word_1_296' title='bbox 301 3764 477 3844; x_wconf 82' lang='grc' dir='ltr'>Ἀθηναίους</span> 
     </span>
    </p>

    <p class='ocr_par' dir='ltr' id='par_1_4' title="bbox 261 3865 1367 3949">
     <span class='ocr_line' id='line_1_34' title="bbox 261 3865 1367 3949; baseline -0.002 -17"><span class='ocrx_word' id='word_1_297' title='bbox 261 3868 391 3933; x_wconf 85' lang='grc' dir='ltr'>Πόλεόν</span> <span class='ocrx_word' id='word_1_298' title='bbox 405 3891 438 3932; x_wconf 91' lang='grc' dir='ltr'>τε</span> <span class='ocrx_word' id='word_1_299' title='bbox 452 3868 565 3949; x_wconf 92' lang='grc' dir='ltr'>φόρους</span> <span class='ocrx_word' id='word_1_300' title='bbox 580 3865 671 3932; x_wconf 86' lang='grc' dir='ltr'>αὑτάς</span> <span class='ocrx_word' id='word_1_301' title='bbox 687 3893 721 3932; x_wconf 90' lang='grc' dir='ltr'>τε</span> <span class='ocrx_word' id='word_1_302' title='bbox 735 3869 850 3945; x_wconf 88' lang='grc' dir='ltr'>πόλεις,</span> <span class='ocrx_word' id='word_1_303' title='bbox 865 3866 918 3934; x_wconf 83' lang='grc' dir='ltr'>τάς</span> <span class='ocrx_word' id='word_1_304' title='bbox 933 3870 988 3948; x_wconf 77' lang='grc' dir='ltr'>μὲν</span> <span class='ocrx_word' id='word_1_305' title='bbox 1003 3872 1077 3945; x_wconf 85' lang='grc' dir='ltr'>δεῖν,</span> <span class='ocrx_word' id='word_1_306' title='bbox 1091 3871 1144 3933; x_wconf 79' lang='grc' dir='ltr'>τάς</span> <span class='ocrx_word' id='word_1_307' title='bbox 1159 3867 1185 3931; x_wconf 88' lang='grc' dir='ltr'>δ’</span> <span class='ocrx_word' id='word_1_308' title='bbox 1198 3866 1367 3943; x_wconf 87' lang='grc' dir='ltr'>ἀνακλύειν,</span> 
     </span>
    </p>

    <p class='ocr_par' dir='ltr' id='par_1_5' title="bbox 261 3969 1367 4053">
     <span class='ocr_line' id='line_1_35' title="bbox 261 3969 1367 4053; baseline 0.001 -19"><span class='ocrx_word' id='word_1_309' title='bbox 261 3970 353 4037; x_wconf 80' lang='grc' dir='ltr'>λάϊνα</span> <span class='ocrx_word' id='word_1_310' title='bbox 373 3971 469 4053; x_wconf 74' lang='grc' dir='ltr'>τείχη,</span> <span class='ocrx_word' id='word_1_311' title='bbox 493 3973 530 4033; x_wconf 81' lang='grc' dir='ltr'>τά</span> <span class='ocrx_word' id='word_1_312' title='bbox 554 3971 610 4049; x_wconf 75' lang='grc' dir='ltr'>μέν</span> <span class='ocrx_word' id='word_1_313' title='bbox 632 3973 801 4049; x_wconf 76' lang='grc' dir='ltr'>οἰκοδομεῖν</span> <span class='ocrx_word' id='word_1_314' title='bbox 822 3975 859 4035; x_wconf 86' lang='grc' dir='ltr'>τά</span> <span class='ocrx_word' id='word_1_315' title='bbox 882 3974 915 4036; x_wconf 79' lang='grc' dir='ltr'>δέ</span> <span class='ocrx_word' id='word_1_316' title='bbox 937 3973 1010 4036; x_wconf 87' lang='grc' dir='ltr'>αὑτά</span> <span class='ocrx_word' id='word_1_317' title='bbox 1033 3971 1125 4036; x_wconf 89' lang='grc' dir='ltr'>πάλιν</span> <span class='ocrx_word' id='word_1_318' title='bbox 1149 3969 1367 4050; x_wconf 89' lang='grc' dir='ltr'>καταβάλλειν,</span> 
     </span>
    </p>

    <p class='ocr_par' dir='ltr' id='par_1_6' title="bbox 216 4072 1368 4572">
     <span class='ocr_line' id='line_1_36' title="bbox 261 4072 1322 4156; baseline -0.001 -18"><span class='ocrx_word' id='word_1_319' title='bbox 261 4072 404 4152; x_wconf 89' lang='grc' dir='ltr'>σπονδάς,</span> <span class='ocrx_word' id='word_1_320' title='bbox 426 4073 560 4151; x_wconf 88' lang='grc' dir='ltr'>δύναμιν,</span> <span class='ocrx_word' id='word_1_321' title='bbox 583 4072 701 4155; x_wconf 87' lang='grc' dir='ltr'>κράτος,</span> <span class='ocrx_word' id='word_1_322' title='bbox 725 4074 844 4156; x_wconf 80' lang='grc' dir='ltr'>εἰρήνην</span> <span class='ocrx_word' id='word_1_323' title='bbox 866 4076 999 4140; x_wconf 83' lang='grc' dir='ltr'>πλοῦτόν</span> <span class='ocrx_word' id='word_1_324' title='bbox 1019 4074 1044 4140; x_wconf 89' lang='grc' dir='ltr'>τ’</span> <span class='ocrx_word' id='word_1_325' title='bbox 1070 4075 1259 4153; x_wconf 88' lang='grc' dir='ltr'>εὑδαιμονίαν</span> <span class='ocrx_word' id='word_1_326' title='bbox 1280 4100 1322 4137; x_wconf 92' lang='grc' dir='ltr'>τε.</span> 
     </span>
     <span class='ocr_line' id='line_1_37' title="bbox 217 4175 1367 4263; baseline -0.003 -18"><span class='ocrx_word' id='word_1_327' title='bbox 217 4175 268 4245; x_wconf 77' lang='grc' dir='ltr'>καί</span> <span class='ocrx_word' id='word_1_328' title='bbox 292 4182 386 4243; x_wconf 71' lang='grc' dir='ltr'>ταῦτα</span> <span class='ocrx_word' id='word_1_329' title='bbox 410 4181 511 4258; x_wconf 80' lang='grc' dir='ltr'>καιρός</span> <span class='ocrx_word' id='word_1_330' title='bbox 537 4178 590 4243; x_wconf 82' lang='grc' dir='ltr'>οὑκ</span> <span class='ocrx_word' id='word_1_331' title='bbox 614 4177 651 4257; x_wconf 83' lang='grc' dir='ltr'>ήν</span> <span class='ocrx_word' id='word_1_332' title='bbox 674 4177 734 4243; x_wconf 81' lang='grc' dir='ltr'>οὐδ’</span> <span class='ocrx_word' id='word_1_333' title='bbox 761 4180 839 4260; x_wconf 78' lang='grc' dir='ltr'>ἀκμή</span> <span class='ocrx_word' id='word_1_334' title='bbox 867 4177 914 4243; x_wconf 74' lang='grc' dir='ltr'>καὶ</span> <span class='ocrx_word' id='word_1_335' title='bbox 944 4178 1031 4263; x_wconf 89' lang='grc' dir='ltr'>χάρις</span> <span class='ocrx_word' id='word_1_336' title='bbox 1056 4179 1204 4256; x_wconf 86' lang='grc' dir='ltr'>ἀνθούσης</span> <span class='ocrx_word' id='word_1_337' title='bbox 1231 4177 1281 4258; x_wconf 72' lang='grc' dir='ltr'>ἔφ’</span> <span class='ocrx_word' id='word_1_338' title='bbox 1304 4179 1367 4263; x_wconf 74' lang='grc' dir='ltr'>εὑρη</span> 
     </span>
     <span class='ocr_line' id='line_1_38' title="bbox 216 4280 1368 4365; baseline -0.003 -16"><span class='ocrx_word' id='word_1_339' title='bbox 216 4281 384 4358; x_wconf 81' lang='grc' dir='ltr'>πολιτείας,</span> <span class='ocrx_word' id='word_1_340' title='bbox 399 4280 481 4345; x_wconf 88' lang='grc' dir='ltr'>ἀλλά</span> <span class='ocrx_word' id='word_1_341' title='bbox 497 4281 723 4363; x_wconf 88' lang='grc' dir='ltr'>τεσσαράκοντα</span> <span class='ocrx_word' id='word_1_342' title='bbox 743 4287 799 4363; x_wconf 75' lang='grc' dir='ltr'>μέν</span> <span class='ocrx_word' id='word_1_343' title='bbox 818 4284 869 4362; x_wconf 80' lang='grc' dir='ltr'>ἔτη</span> <span class='ocrx_word' id='word_1_344' title='bbox 890 4282 1050 4365; x_wconf 90' lang='grc' dir='ltr'>πρωτεύων</span> <span class='ocrx_word' id='word_1_345' title='bbox 1069 4285 1101 4346; x_wconf 89' lang='grc' dir='ltr'>έν</span> <span class='ocrx_word' id='word_1_346' title='bbox 1117 4282 1298 4363; x_wconf 88' lang='grc' dir='ltr'>Ἐφιάλταις</span> <span class='ocrx_word' id='word_1_347' title='bbox 1319 4281 1368 4347; x_wconf 79' lang='grc' dir='ltr'>καὶ</span> 
     </span>
     <span class='ocr_line' id='line_1_39' title="bbox 216 4384 1366 4467; baseline -0.003 -16"><span class='ocrx_word' id='word_1_348' title='bbox 216 4384 407 4467; x_wconf 80' lang='grc' dir='ltr'>Λεωκράταις</span> <span class='ocrx_word' id='word_1_349' title='bbox 428 4385 477 4449; x_wconf 83' lang='grc' dir='ltr'>καὶ</span> <span class='ocrx_word' id='word_1_350' title='bbox 496 4387 686 4466; x_wconf 90' lang='grc' dir='ltr'>Μυρωνίδαις</span> <span class='ocrx_word' id='word_1_351' title='bbox 709 4388 759 4450; x_wconf 85' lang='grc' dir='ltr'>καὶ</span> <span class='ocrx_word' id='word_1_352' title='bbox 782 4386 900 4465; x_wconf 82' lang='grc' dir='ltr'>Κίμωσι</span> <span class='ocrx_word' id='word_1_353' title='bbox 924 4384 972 4449; x_wconf 82' lang='grc' dir='ltr'>καὶ</span> <span class='ocrx_word' id='word_1_354' title='bbox 990 4387 1156 4465; x_wconf 88' lang='grc' dir='ltr'>Τολμίδαις</span> <span class='ocrx_word' id='word_1_355' title='bbox 1181 4387 1229 4449; x_wconf 82' lang='grc' dir='ltr'>καὶ</span> <span class='ocrx_word' id='word_1_356' title='bbox 1246 4389 1366 4448; x_wconf 87' lang='grc' dir='ltr'>Θουκυ-</span> 
     </span>
     <span class='ocr_line' id='line_1_40' title="bbox 216 4487 1368 4572; baseline -0.006 -13"><span class='ocrx_word' id='word_1_357' title='bbox 216 4488 320 4569; x_wconf 81' lang='grc' dir='ltr'>δίδαις,</span> <span class='ocrx_word' id='word_1_358' title='bbox 342 4490 420 4571; x_wconf 84' lang='grc' dir='ltr'>μετά</span> <span class='ocrx_word' id='word_1_359' title='bbox 449 4490 482 4554; x_wconf 75' lang='grc' dir='ltr'>δέ</span> <span class='ocrx_word' id='word_1_360' title='bbox 514 4489 569 4569; x_wconf 78' lang='grc' dir='ltr'>τὴν</span> <span class='ocrx_word' id='word_1_361' title='bbox 595 4489 777 4555; x_wconf 85' lang='grc' dir='ltr'>Θουκυδίδου</span> <span class='ocrx_word' id='word_1_362' title='bbox 807 4488 973 4555; x_wconf 89' lang='grc' dir='ltr'>κατάλυσιν</span> <span class='ocrx_word' id='word_1_363' title='bbox 1003 4487 1052 4555; x_wconf 81' lang='grc' dir='ltr'>καὶ</span> <span class='ocrx_word' id='word_1_364' title='bbox 1082 4495 1135 4553; x_wconf 86' lang='grc' dir='ltr'>τὸν</span> <span class='ocrx_word' id='word_1_365' title='bbox 1162 4490 1368 4572; x_wconf 87' lang='grc' dir='ltr'>ὀστρακισμὸν</span> 
     </span>
    </p>
   </div>
   <div class='ocr_carea' id='block_1_3' title="bbox 0 0 1504 5046">
    <p class='ocr_par' dir='ltr' id='par_1_7' title="bbox 0 0 1504 5046">
     <span class='ocr_line' id='line_1_41' title="bbox 0 0 1504 5046; baseline 0 0"><span class='ocrx_word' id='word_1_366' title='bbox 0 0 1504 5046; x_wconf 95' lang='lat' dir='ltr'> </span> 
     </span>
    </p>
   </div>
  </div>
 </body>
</html>
