3000 5046
122 377 264 443 ινα-ιιι]
357 370 444 428 THE
468 370 702 429 ATHENIAN
726 370 1047 433 CONFEDERACK
1235 389 1275 451 33

325 581 590 638 constitutional
612 581 795 639 condition
816 583 855 639 of
872 583 930 640 tho
952 583 1070 641 Allios.

513 693 749 760 Αυδοοουιουο
765 693 880 760 Aeliae.

515 803 694 892 Οίίρωτοάγ
707 805 750 871 in
764 806 892 872 Samos.

166 921 232 979 141.
255 910 357 977 Thuo.
373 910 395 974 i.
416 929 486 996 115.
503 931 531 988 2,
547 930 577 996 3.

579 1021 628 1087 Ιιι
642 1020 814 1108 Mytilene.

167 1136 239 1193 142.
261 1126 362 1195 Thuc.
377 1124 425 1190 iii
443 1145 494 1209 27.
512 1145 541 1204 2,
557 1146 586 1212 3.

190 1252 254 1320 Τάο
267 1252 580 1321 Lakedaivwniam
585 1253 719 1339 favour
737 1252 925 1342 Οίίρανοάη,
942 1253 993 1321 the
1008 1253 1201 1322 Athenian&

593 1357 805 1445 Βουιοοταιγ.

168 1472 239 1528 143.
262 1461 389 1529 'Phua'
379 1485 402 1527 1
422 1481 482 1545 193
504 1460 552 1526 iii.
570 1463 620 1529 82.

170 1584 241 1638 144.
264 1575 322 1639 Ar.
334 1573 408 1640 Pol.
424 1574 495 1639 viii.
510 1573 627 1664 (v.)vi.
640 1569 697 1663 (7).
715 1592 745 1656 9.
764 1574 954 1660 1307b20:
977 1573 1125 1642 Πῦσαιδ’
1142 1579 1174 1641 αί
1189 1585 1278 1641 πολι

125 1682 201 1742 τεῖαι
222 1678 377 1743 λύονται
362 1676 411 1743 οτὲ
427 1677 483 1759 μὲν
498 1677 582 1758 ἐξ
546 1685 644 1744 αυτῶν
659 1677 709 1742 ὁτὲ
726 1677 751 1743 δ’
768 1677 925 1758 έξωθενᾌ
907 1704 980 1742 οταν
1001 1681 1123 1744 ένοντία
1138 1681 1304 1745 πολιτεία

124 1779 146 1868 ᾖ
160 1808 178 1861 η
162 1779 361 1861 πλησίον
344 1809 363 1862 η
379 1783 480 1866 πόρρω
493 1781 551 1863 μὲν
566 1782 680 1868 ἔχουσα
700 1779 734 1847 δέ
754 1781 887 1863 δύναμιν.
934 1784 1007 1864 ὅπερ
1029 1783 1209 1865 συνέβαινεν
1231 1783 1277 1848 ἐπ’

125 1882 295 1964 Ἀθηναίων
317 1883 366 1949 καί
389 1888 641 1965 Λακεδαιμονίων·
665 1883 749 1949 οἱ
714 1911 771 1966 μεν
789 1886 848 1969 γὰρ
863 1885 1020 1964 Ἀθηναῖοι
1044 1892 1200 1972 πανταχοῦ
1224 1891 1278 1954 τδς

127 1988 312 2071 ὀλιγαρχίας,
327 1991 357 2053 οί
371 1986 404 2053 δὲ
418 1989 558 2056 Λάκωνες
573 1989 641 2056 τοὺς
657 1987 768 2068 δήμους
783 1988 937 2054 κατέλυον.

170 2110 242 2165 145.
267 2097 383 2189 [Xon]
399 2099 496 2185 Resp.
512 2098 590 2165 ΑΜ.
605 2099 653 2164 iii.
672 2118 731 2166 10:
757 2105 890 2164 Δοκοῦσι
906 2101 938 2165 δὲ
953 2099 1111 2180 Ἀθηναῖοι
1128 2098 1176 2164 καί
1191 2102 1280 2165 ταῦτά

126 2231 175 2270 τοι
188 2204 242 2269 οῦκ
258 2206 354 2288 ὀρθῶς
368 2205 572 2286 βουλεύεσθαι
587 2205 633 2269 ὅτι
648 2204 717 2271 τοὺς
733 2204 854 2288 χείρους
869 2205 1021 2286 αἱροῦνται
1041 2206 1075 2269 έν
1089 2209 1154 2271 ταῖς
1167 2207 1278 2270 πάλεσι

126 2313 193 2377 ταῖς
220 2309 466 2388 στασιαζούσαις.
511 2311 541 2373 σί
571 2309 604 2373 δὲ
630 2312 718 2372 τοῦτο
747 2308 850 2394 γνώμη
881 2310 1033 2373 ποιοῦσιν·
1080 2312 1107 2373 εί
1135 2308 1192 2390 μὲν
1221 2308 1279 2393 γὰρ

128 2415 253 2501 ᾑροῦντο
279 2412 348 2480 τοὺς
373 2413 526 2493 βελτίους,
553 2409 668 2499 ᾐροῦντ’
692 2412 730 2476 ἂν
756 2408 823 2497 οὐχί
846 2411 915 2479 τοὺς
940 2411 1031 2475 ταῦτὰ
1055 2413 1279 2495 γιγνώσκοντας

129 2521 242 2599 σφίσιν
261 2515 371 2584 αύτοῖς·
396 2520 428 2582 έν
443 2517 570 2601 οὐδεμιᾷ
587 2520 646 2600 γὰρ
666 2516 756 2581 πόλει
776 2517 811 2580 τδ
831 2514 999 2596 βέλτιστον
1022 2516 1126 2581 εὔνουν
1148 2519 1215 2582 ἐστὶ
1236 2519 1279 2603 τῷ

129 2619 221 2705 δήμῳ·
245 2620 329 2685 ἀλλὰ
343 2619 377 2684 τδ
394 2620 537 2685 κάκιστον
557 2622 590 2685 ἓν
610 2619 723 2706 ἑκάστη
739 2617 825 2704 [ἐστὶ]
840 2621 932 2684 πόλει
948 2619 1051 2685 εῦνουν
1071 2622 1112 2705 τῷ
1134 2619 1226 2706 δήμῳ·
1251 2623 1280 2685 οἱ

127 2726 186 2807 γὰρ
217 2725 316 2805 ὅμοιοι
345 2731 408 2791 τοῖς
434 2725 549 2805 ὁμοίοις
571 2723 655 2789 εῦνοί
680 2725 751 2786 είσι.
796 2726 846 2788 διδ
872 2728 964 2788 ταῦτα
988 2722 1042 2789 οῦν
1065 2723 1220 2803 Ἀθηναῖοι
1243 2728 1281 2790 τὰ

128 2827 241 2909 σφίσιν
256 2827 355 2895 αῦτοῖς
370 2826 561 2910 προσήκοντα
576 2828 740 2908 αἱροῦνται.
784 2822 855 2913 (11)
871 2826 1017 2893 ὁποσάκις
1037 2827 1062 2890 δ’
1080 2829 1282 2911 ἐπεχείρησαν

127 2928 278 3009 αἱρεῖσθαι
302 2928 370 2994 τοὺς
385 2928 580 3008 βελτίστους,
596 2926 632 2991 οῦ
652 2925 836 3008 συνήνεγκεν
857 2926 965 3002 αὐτοῖς,
988 2923 1059 2989 ἀλλ’
1077 2927 1161 2994 ἐντὸς
1177 2928 1281 3010 ὀλίγου

127 3028 238 3112 χρόνου
258 3032 275 3094 δ
293 3034 383 3112 δῆμος
404 3031 592 3114 ἐδούλευσεν·
617 3029 709 3109 δμέν
729 3034 880 3096 Βοιωτοῖς·
902 3035 990 3094 τοῦτο
1005 3029 1038 3094 δὲ
1053 3030 1104 3094 ὅτε
1116 3033 1281 3108 Μιλησίων

130 3139 250 3201 εἵλοντο
266 3134 333 3202 τοὺς
347 3137 538 3215 βελτίστους,
554 3134 638 3201 έντδς
654 3133 761 3216 άλίγου
776 3133 886 3216 χρόνου
903 3131 1092 3200 ἀποστάντες
1113 3135 1166 3199 τδν
1188 3137 1282 3214 δῆμον

132 3238 313 3321 κατέκοψαν·
336 3242 425 3302 τοῦτο
448 3240 481 3303 δέ
503 3241 554 3303 ὅτε
573 3241 694 3304 εἵλοντο
717 3239 970 3315 Λακεδαιμονίους
991 3236 1059 3302 άντὶ
1083 3239 1281 3317 Μεσσηνίων,

131 3343 216 3409 έντδς
245 3343 350 3425 ὀλίγου
380 3343 491 3426 χράνου
520 3344 750 3424 Λακεδαιμόνιοι
774 3340 1057 3424 καταστρεψάμενοι
1085 3342 1282 3421 Μεσσηνίους

131 3443 298 3526 ἐπολέμουν
312 3446 493 3526 Ἀθηναίοις.

173 3567 245 3622 146.
267 3556 366 3623 Isoer.
378 3579 401 3638 4
414 3555 584 3642 Paneyyr.
598 3576 678 3635 104:
697 3555 804 3622 Ὀλων
818 3559 875 3638 μὲν
883 3563 942 3621 τῶν
957 3556 1139 3639 πραγμάτων
1155 3560 1281 3622 έπιστα-

130 3666 259 3741 τοῦντες,
275 3662 336 3746 ἰδίη
353 3660 378 3726 δ’
401 3662 547 3730 ἑκάστους
567 3660 741 3744 ἐλευθέρους
763 3664 869 3727 ἐῶντες
890 3660 977 3741 εἶναι,
993 3657 1084 3748 (105)
1106 3663 1156 3724 καὶ
1171 3663 1212 3747 τῷ
1226 3661 1283 3742 μὲν

130 3763 242 3844 πλήθει
263 3769 448 3845 βοηθοῦντες
470 3770 536 3831 ταῖς
558 3764 590 3830 δὲ
615 3766 803 3833 δυναστείαις
826 3769 1052 3846 πολεμοῦντες.
1070 3813 1077 3828 .
1095 3814 1102 3828 .
1119 3763 1210 3852 (ιοό)
1228 3765 1283 3846 τὴν

132 3867 225 3948 αῦτήν
248 3869 405 3935 πολιτείαν
423 3869 518 3952 ἤνπερ
538 3868 607 3952 παρ’
621 3867 694 3948 ἡμῖν
713 3868 876 3935 αὐτοῖςκαὶ
892 3867 1050 3950 παράτοῖς
1066 3869 1173 3936 ἄλλοις
1195 3894 1281 3934 κατε-

133 3971 298 4052 στήσαμεν.

175 4093 246 4150 147.
268 4083 324 4149 Id.
350 4103 389 4153 12
412 4082 603 4151 Ραηαίίιοιι.
631 4101 690 4170 54:
730 4087 771 4149 Οί
808 4085 864 4167 μὲν
898 4087 956 4169 γὰρ
990 4085 1126 4169 ἡμέτεροι
1155 4084 1282 4167 πατέρες

132 4187 254 4254 ἔπειθον
279 4189 347 4257 τοὺς
373 4188 550 4274 συμμάχους
573 4194 728 4257 ποιεῖσθαι
752 4190 910 4256 πολιτείαν
939 4189 1047 4270 ταύτην
1077 4190 1172 4270 ήνπερ
1198 4189 1283 4254 αὐτοὶ

132 4290 283 4360 διετέλουν
297 4294 479 4376 άγαπῶντες·
497 4341 505 4356 .
523 4341 531 4357 .
548 4339 556 4359 .
574 4293 802 4373 Λακεδαιμόνιοι
824 4293 858 4359 δὲ
881 4295 1071 4372 κατέστησαν
1094 4291 1155 4357 οὗθ’
1176 4293 1283 4372 δμοίαν

132 4395 169 4482 τῇ
183 4396 249 4479 παρ’
266 4399 367 4464 αὐτοῖς
381 4396 448 4461 ούτε
464 4402 529 4464 ταῖς
547 4398 660 4462 ἄλλοθί
675 4423 732 4461 που
752 4397 975 4480 γεγενημέναις,
993 4396 1075 4462 ἀλλὰ
1089 4395 1162 4462 δέκα
1174 4395 1282 4477 μόνους

130 4497 243 4584 ἄνδρας
258 4501 374 4584 κυρίους
392 4499 522 4580 ἑκάστης
536 4505 589 4582 τῆς
603 4499 723 4568 πόλεως
738 4502 894 4580 ἐποίησαν.

694 4621 719 4668 D
