3000 5046
211 394 273 456 250
622 379 957 440 BIOGRAPHICAL.
1239 386 1363 452 [σλιπ

213 600 333 653 σαντος,
356 573 572 654 ἀσπασάμενος
600 577 649 640 καὶ
672 576 848 656 προσειπὼν
870 577 1065 657 φιλοφρόνως
1087 576 1104 637 ό
1126 570 1285 654 βασιλεύς,
1306 569 1362 650 ήδη

212 680 268 760 μέν
290 680 408 759 ἔφησεν
431 680 508 764 αύτῷ
526 681 664 744 διακόσια
682 678 817 744 τάλαντα
838 679 986 760 ὀφείλειν·
1013 678 1179 758 κομίσαντα
1196 679 1254 759 γδρ
1272 675 1364 740 αύτδν

213 781 432 863 ἀπολήψεσθαι
447 784 568 849 δικαίως
581 783 616 846 τὸ
631 786 830 865 ἐπικηρυχθὲν
848 783 889 867 τῷ
908 782 1063 865 ἀγαγόντι·
1099 782 1206 866 πολλῷ
1218 783 1251 844 δέ
1267 777 1362 842 πλείω

213 884 327 947 τούτων
355 887 534 970 ὑπισχνεῖτο
564 889 613 951 καὶ
642 886 847 968 παρεθάρρυνε
877 885 926 951 καὶ
955 885 1061 968 λέγειν
1085 886 1183 949 ἐδίδου
1210 884 1279 963 περὶ
1303 887 1365 946 τιῖν

212 985 410 1067 Ἑλληνικῶν,
426 990 445 1052 δ
459 990 616 1072 βούλοιτο,
632 991 918 1073 παρρησιαζόμενον.
965 992 982 1053 ό
1006 992 1039 1054 δέ
1058 990 1273 1069 Θεμιστοκλῆς
1288 987 1363 1050 ἀπε-

215 1095 343 1171 κρίνατο,
359 1094 523 1176 τὸνλόγον
539 1092 669 1159 ἐοικίναι
686 1099 738 1157 τοῦ
759 1094 917 1175 ἐνθρόπου
933 1098 997 1160 τοῖς
1012 1095 1162 1158 ποικίλοις
1177 1091 1363 1172 στρύμασιν·

215 1195 255 1262 ὣς
276 1199 335 1278 γὰρ
357 1198 458 1261 ἐκεῖνα
480 1199 529 1261 καὶ
551 1201 655 1261 τοῦτον
679 1199 888 1277 ἐκτεινόμενον
908 1199 965 1278 μέν
988 1197 1211 1261 ἐπιδείκνυσθαι
1231 1197 1269 1257 τα
1289 1195 1363 1271 εῖδη,

215 1302 461 1379 συστελλόμενον
478 1303 510 1366 δέ
529 1301 669 1384 κρύπτειν
684 1299 736 1365 καὶ
756 1303 951 1382 διαφθείρειν
985 1301 1055 1364 ὅθεν
1070 1301 1149 1384 αύτηῖ
1162 1299 1275 1381 χρόνον
1289 1301 1362 1361 δεῖν.

214 1400 281 1467 ἐπεῖ
304 1403 344 1479 δέ,
367 1403 513 1483 ἡσθέντος
535 1408 588 1468 τοῦ
610 1405 767 1484 βασιλέως
788 1407 824 1491 τῇ
849 1404 969 1488 εῖκασίη
990 1404 1038 1466 καὶ
1062 1402 1235 1484 λαμβάνειν
1257 1398 1363 1464 κελεύ-

216 1531 334 1585 σαντος,
351 1511 485 1573 ἐνιαυτόν
500 1507 701 1588 αἰτησόμενος
720 1509 769 1571 καὶ
785 1509 839 1586 τὴν
855 1510 991 1588 Περσίδα
1010 1512 1148 1590 γλῶτταν
1164 1504 1363 1588 ἀποχρώντως

215 1716 284 1796 περὶ
299 1720 359 1779 τῶν
373 1712 563 1787 Ἑλληνικῶν
582 1715 763 1799 πραγμάτων
786 1714 958 1799 διειλέχθαι,
973 1719 1097 1778 πολλῶν
1117 1716 1149 1778 δέ
1172 1735 1363 1789 καινοτομου·

214 1817 313 1897 με’νων
328 1821 396 1901 περὶ
412 1820 467 1899 τήν
482 1821 576 1900 αύλῖην
597 1818 732 1886 καὶτοὺς
751 1821 861 1900 φίλους
880 1818 938 1883 ύτδ
959 1823 1013 1882 τοῦ
1031 1816 1188 1898 βασιλέως
1208 1816 1241 1879 ἐν
1258 1815 1363 1898 ἐκείνῳ

215 1921 257 2006 τῷ
276 1923 374 2008 καιρῷ,
388 1925 503 2004 φθόνον
520 1924 596 2008 ἐσχε
614 1926 695 2006 παρά
713 1927 776 1989 τοῖς
793 1926 938 2000 δυνατοῖς,
954 1921 993 1988 ὥς
1009 1918 1057 1985 καί
1073 1920 1136 1985 κατ’
1152 1921 1273 1985 ἐκείνων
1288 1944 1363 1999 παρ·

215 2027 307 2111 ρησίη
329 2026 504 2110 χρήσασθαι
526 2028 601 2111 πρὸς
623 2027 714 2092 αύτδν
739 2027 997 2106 ἐποτετολμηκός.
1042 2025 1129 2089 αύδέν
1151 2022 1209 2107 γάρ
1231 2021 1308 2102 ἦσαν
1332 2022 1363 2086 αί

216 2132 298 2208 τιμαὶ
318 2136 383 2198 ταῖς
400 2137 460 2196 τῶν
475 2131 579 2196 ἀλλων
597 2134 722 2196 ἐοικυῖαι
742 2131 846 2210 ξένων,
861 2131 943 2194 ἀλλά
963 2127 1012 2194 καί
1032 2127 1216 2209 κυνηγεσίων
1235 2129 1366 2206 βασιλεῖ

216 2233 348 2316 μετέσχε
366 2231 414 2297 καῖ
434 2239 495 2300 πεῖν
513 2238 590 2300 οίκοι
606 2240 783 2316 διατριβῶν,
800 2236 881 2298 ὥστε
904 2231 952 2298 καὶ
971 2234 1062 2314 μητρὶ
1083 2234 1118 2319 τῇ
1140 2230 1297 2311 βασιλέως
1320 2229 1365 2294 είς

217 2337 293 2418 όψιν
317 2339 418 2402 ἐλθεῖν
440 2336 488 2401 καί
512 2336 656 2421 γενίσθαι
679 2338 822 2417 συνήθης,
843 2343 1001 2402 διακοῦσαι
1018 2339 1054 2401 δέ
1077 2336 1127 2399 καὶ
1149 2340 1209 2400 τῶν
1229 2338 1365 2415 μαγικῶν

217 2440 319 2522 λόγων
335 2446 390 2504 τοῦ
408 2445 565 2521 βασιλέως
588 2440 796 2508 κελεύσαντος.
838 2438 903 2506 ἐπεὶ
924 2443 955 2505 δέ
978 2440 1156 2521 Δημάρατος
1175 2439 1191 2500 ό
1214 2435 1364 2517 Σπαρτιά-

217 2567 270 2623 της
293 2545 478 2624 αἰτήσασθαι
503 2544 616 2629 δωρεάν
640 2546 813 2611 κελευσθεὶς
832 2543 966 2631 ᾐτήσατο
988 2544 1043 2624 τὴν
1066 2544 1189 2624 κίταριν,
1212 2543 1314 2621 ὥσπερ
1336 2541 1365 2603 οί

217 2652 370 2728 βασιλεῖς,
398 2649 583 2732 ἐπαράμενος
610 2650 771 2714 είσελόσαι
798 2653 848 2713 διδ
875 2648 1021 2729 Σάρδεων,
1049 2644 1285 2725 Μιθροπαύστης
1309 2645 1366 2724 μέν

218 2751 344 2832 ἀνεψιὸς
369 2751 411 2816 δν
434 2753 591 2831 βασιλέως
617 2753 685 2818 εἶπε
708 2759 761 2817 τοῦ
786 2752 966 2834 Δημαράτου
991 2755 1044 2830 τῆς
1070 2749 1172 2828 τιάρας
1199 2748 1365 2829 ἁψάμενος·

218 2859 238 2891 “
252 2857 331 2932 Αύτη
346 2855 435 2934 μένή
454 2858 564 2939 κίταρις
575 2857 633 2921 -ούκ
652 2858 717 2941 ἐχει
736 2857 918 2941 ἐγκέφαλον,
933 2854 968 2919 δν
989 2852 1181 2936 ἐπικαλύψει·
1212 2852 1252 2915 σὺ
1271 2851 1297 2916 δ’
1313 2850 1366 2914 ούκ

219 2958 276 3044 ἔσῃ
293 2958 367 3026 Ζεὺς
381 2959 419 3024 ἀν
433 2959 535 3047 λάβῃς
550 2963 700 3042 κεραυνόν·
709 2958 727 2983 ”
766 2959 966 3038 ἀπωσαμένου
981 2962 1014 3023 δέ
1029 2958 1082 3022 τδν
1098 2956 1278 3039 Δημάρατον
1292 2955 1366 3041 όργῇ

218 3061 268 3125 διὰ
286 3062 320 3125 τδ
339 3063 448 3141 αἴτημα
468 3069 522 3128 τοῦ
542 3065 700 3144 βασιλέως
720 3060 769 3127 καὶ
787 3067 944 3129 δοκοῦντος
962 3059 1169 3144 ἀπαραιτήτως
1187 3060 1271 3142 ἐχειν
1291 3059 1367 3138 πρὸς

219 3165 318 3241 αὐτόν,
335 3168 351 3230 ὁ
368 3171 580 3246 Θεμιστοκλῆς
600 3171 716 3248 δεηθεὶς
734 3168 839 3232 ἐπεισε
859 3167 907 3230 καὶ
925 3163 1058 3244 διήλλαξ
1074 3213 1081 3227 .
1125 3165 1248 3246 λέγεται
1266 3166 1298 3228 δέ
1319 3164 1368 3226 καὶ

218 3269 287 3334 τοὺς
312 3272 438 3351 ὕστερον
461 3276 615 3350 βασιλεῖς,
640 3271 690 3352 ἐφ’
709 3274 750 3335 ὧν
773 3275 894 3352 μᾶλλον
919 3271 951 3334 αῖ
978 3271 1128 3351 Περσικαὶ
1152 3265 1276 3349 πράξεις
1301 3272 1367 3333 ταῖς

217 3369 412 3453 Ἑλληνικαῖς
436 3373 653 3457 ἀνεκράθησαν,
676 3373 781 3442 ὁσάκις
805 3379 939 3453 δεηθεῖεν
961 3374 1067 3454 ἀνδρὸς
1087 3371 1250 3450 Ἕλληνος,
1272 3372 1366 3453 ἐπαγ·

219 3477 386 3559 γέλλεσθαι
406 3475 454 3542 καὶ
472 3477 603 3562 γράφειν
619 3478 759 3557 ἕκαστον,
782 3479 821 3544 ὡς
842 3479 952 3556 μείζων
974 3476 1075 3542 ἔσοιτο
1095 3476 1164 3557 παρ’
1180 3477 1257 3559 αύτῷ
1274 3478 1366 3555 Θεμι-

219 3581 395 3648 στοκλέους.
440 3582 530 3646 αὐτὸν
552 3585 584 3647 δέ
603 3582 656 3646 τδν
673 3580 887 3662 Θεμιστοκλέα
908 3579 1005 3664 φασὶν
1026 3578 1081 3658 ήδη
1104 3578 1202 3661 με’γαν
1224 3579 1297 3642 ὄντα
1319 3576 1368 3642 καέ

221 3687 459 3766 θεραπευόμενον
483 3686 542 3750 ύπδ
566 3691 693 3750 πολλῶν
715 3689 856 3766 λαμπράς
881 3709 956 3750 ποτε
980 3682 1127 3764 τραπέζης
1152 3682 1368 3762 παρατεθείσης

220 3788 295 3870 πρὸς
310 3788 380 3855 τοὺς
394 3794 503 3856 παῖδας
521 3791 627 3854 εἰπεῖν·
671 3786 740 3851 “Ὦ
755 3794 867 3864 παῖδες,
884 3786 1067 3865 ἀπωλόμεθα
1084 3785 1132 3867 ἀν,
1147 3787 1174 3849 εί
1189 3787 1230 3865 μή
1247 3787 1369 3849 ἀπωλό-

219 3890 329 3973 μεθα.”
372 3895 478 3960 πόλεις
495 3892 521 3957 δ’
536 3893 614 3977 αύτῷ
631 3896 710 3974 τρεῖς
729 3896 786 3972 μέν
806 3893 834 3956 οῖ
854 3896 994 3956 πλεῖστοι
1014 3893 1138 3969 δοθῆναι
1157 3887 1302 3971 λέγουσιν
1325 3890 1369 3956 είς

221 3995 312 4077 ἀρτον
335 3996 381 4058 καὶ
404 3996 486 4060 οῖνον
508 3997 557 4060 καὶ
579 3981 669 4077 όψον,
691 3997 873 4080 Μαγνησίαν
892 3995 942 4058 καὶ
961 3994 1131 4076 Λάμψακον
1150 3995 1198 4057 καὶ
1216 3997 1369 4058 Μυοῦντα·

221 4100 275 4163 δύο
291 4099 315 4161 δ’
331 4097 429 4165 ἀλλος
446 4100 647 4181 προστίθησιν
662 4102 678 4163 ό
695 4100 857 4179 Κυζικηνὸς
876 4099 1016 4179 Νεάνθης
1036 4099 1085 4162 καὶ
1104 4097 1227 4171 Φανίας,
1246 4097 1369 4180 Περκό·

221 4226 276 4280 την
291 4204 339 4265 καὶ
355 4203 578 4286 Παλαίσκηψιν
593 4206 636 4271 είς
652 4206 810 4286 στρωμνὴν
826 4200 874 4266 καὶ
890 4203 1065 4286 ἀμπεχόνην
1066 4247 1203 4267 .....

266 4323 317 4391 31.
340 4305 388 4369 Ού
408 4308 467 4389 γὰρ
488 4307 684 4390 πλανεόμενος
706 4309 774 4388 περὶ
795 4308 850 4386 τὴν
871 4305 989 4386 Ἀσίαν,
1008 4308 1048 4372 ὥς
1070 4312 1150 4388 φησι
1173 4305 1370 4383 Θεόπομπος,

221 4408 292 4474 ἀλλ’
315 4410 348 4474 ἐν
370 4410 537 4495 Μαγνησίᾳ
557 4415 614 4494 μέν
635 4414 732 4490 οἰκεῖν,
751 4410 953 4491 καρπούμενος
974 4413 1006 4475 δέ
1028 4409 1139 4489 δωρεὰς
1162 4409 1298 4491 μεγάλας
1321 4406 1371 4471 καὶ

221 4513 385 4596 τιμόμενος
411 4515 501 4598 θμοια
526 4520 658 4601 Περσῶν
682 4519 745 4583 τοῖς
771 4516 914 4598 ἀρίστοις,
940 4511 990 4580 ἐπὶ
1016 4513 1113 4578 πολὺν
1139 4514 1251 4598 χρόνον
1276 4512 1370 4578 ἀδεεῖς
