3000 5046
159 382 267 447 rara]
569 372 901 432 BIOGRAPHICAL.
1032 397 1034 401 ⁷
1253 373 1312 452 265

162 576 360 651 συκοφαντῶν
376 575 560 652 καταφυγεῖν
577 576 651 651 πρδς
668 571 799 650 Κίμωνα,
824 572 872 634 καὶ
890 575 987 635 θεῖναι
1011 574 1091 651 παρὰ
1113 570 1167 647 τὴν
1189 571 1313 636 αὔλειον

162 673 251 737 αὐτοῦ
270 673 385 754 φιάλας
407 674 470 753 δύο,
487 674 543 754 τήν
562 679 618 752 μὲν
636 675 800 756 ἀργυρείων
821 673 1057 756 ἐμπλησάμενον
1077 678 1242 755 Δαρεικῶν,
1257 675 1313 754 τὴν

163 780 195 841 δὲ
218 782 351 862 χρυσῶν·
389 780 492 843 ίδόντα
517 781 550 844 δὲ
572 785 626 844 τδν
649 779 773 857 Κίμωνα
795 779 844 843 καὶ
863 778 1063 858 μειδιάσαντα
1086 779 1234 844 πυθέσθαι
1260 783 1312 842 τοῦ

164 884 331 966 ἀνθρώπου,
346 884 474 965 πότερον
488 885 615 966 αἱρεῖται
631 884 754 961 Κίμωνα
768 880 955 964 μισθωτδνῆ
972 884 1065 964 φίλον
1086 883 1180 966 ἔχειν·
1211 887 1264 946 τοῦ
1279 886 1312 947 δὲ

165 986 321 1068 φήσαντος
347 988 450 1068 φίλον·
496 993 512 1021 “
525 986 671 1052 Οὗκοΰν”
697 987 793 1067 φάναι
822 991 837 1020 “
849 985 930 1051 ταῦτ’
962 986 1048 1051 άπιθι
1078 990 1155 1065 μετὰ
1185 991 1313 1051 σεαυτοῦ

164 1091 299 1171 κομίζων·
325 1089 478 1174 χρήσομαι
493 1094 550 1173 γὰρ
566 1091 666 1158 αὐτοῖς
681 1092 753 1156 ὅταν
769 1089 878 1173 δέωμαι
893 1091 984 1172 φίλος
999 1088 1192 1172 γενόμενος.”

207 1237 258 1293 73.
281 1227 369 1292 Plut.
385 1227 458 1292 Per.
473 1246 511 1307 9:
533 1228 589 1293 Ἐν
615 1227 693 1314 ἆρχή
713 1229 768 1305 μὲν
791 1228 858 1310 γάρ,
882 1229 986 1304 ὥσπερ
1010 1227 1134 1309 εἴρηται,
1160 1233 1233 1312 πρδς
1257 1228 1313 1307 τὴν

165 1332 300 1409 Κίμωνος
319 1331 410 1411 δόξαν
430 1331 676 1412 ἀντιταττόμενος
697 1333 870 1396 ὑπεποιεῖτο
888 1338 942 1396 τδν
962 1333 1065 1410 δῆμον·
1096 1332 1313 1412 ἐλαττούμενος

165 1439 196 1499 δὲ
219 1436 339 1521 πλούτῳ
362 1433 410 1500 καὶ
433 1434 594 1517 χρήμασιν,
610 1433 665 1516 ἀφ’
682 1437 723 1500 ῶν
743 1438 856 1502 ἐκεῖνος
878 1436 1072 1516 ἀνελάμβανε
1094 1436 1162 1505 τοὺς
1184 1437 1313 1516 πένητας

164 1539 286 1604 δεῖπνόν
312 1564 344 1603 τε
371 1539 435 1603 καθ’
457 1538 570 1619 ἡμέραν
593 1540 634 1624 τῷ
658 1541 787 1625 δεομένιρ
811 1537 950 1622 παρέχων
975 1538 1144 1620 Ἀθηναίων
1171 1538 1220 1604 καὶ
1246 1540 1313 1607 τοὺς

165 1645 389 1725 πρεσβυτέρους
412 1643 611 1724 άμφιεννόων,
629 1649 687 1708 τῶν
706 1669 738 1708 τε
758 1645 876 1726 χωρίων
895 1644 964 1708 τοὺς
987 1644 1143 1726 φραγμοὺς
1166 1645 1313 1726 άφαιρῶν,

166 1741 245 1812 ὅπως
261 1748 448 1827 ὀπωρίζωσιν
463 1749 492 1811 οῖ
506 1750 701 1828 βουλόμενοι,
715 1747 831 1815 τούτοις
843 1749 860 1810 ὁ
873 1751 1025 1827 Περικλῆς
1042 1750 1312 1832 καταδημαγωγού-

164 1876 250 1929 μενος
265 1851 404 1934 τρέπεται
420 1852 493 1932 πρὸς
509 1851 564 1932 τήν
579 1858 638 1917 τῶν
653 1853 803 1934 δημοσίων
819 1849 972 1932 διανομήν.

209 1998 262 2054 74.
287 1987 383 2053 Corn.
407 1988 491 2075 Nep.
516 1989 602 2053 Citra.
624 2008 666 2066 4:
693 1988 793 2053 Hunc
815 1987 1033 2053 Athenienses
1056 2010 1124 2053 non
1146 1987 1254 2053 solum
1279 1988 1315 2051 in

167 2091 263 2169 bello,
279 2093 336 2157 sed
356 2091 458 2158 etiam
479 2095 514 2157 in
532 2113 612 2178 paee
632 2091 690 2156 diu
707 2093 987 2158 desideraverunt
1030 2092 1097 2157 fuit
1114 2093 1203 2158 enim
1219 2097 1316 2157 tanta

165 2194 377 2272 liberalitate,
392 2218 468 2262 cum
486 2195 712 2283 compluribus
727 2195 808 2262 locis
825 2196 961 2284 praedia
974 2196 1152 2281 hortosque
1169 2195 1315 2272 haberet,

166 2305 205 2363 ut
219 2320 400 2385 numquam
416 2301 451 2363 in
467 2301 514 2365 eis
530 2300 699 2366 custodem
713 2301 861 2386 posuerit
874 2298 1002 2365 fructus
1019 2299 1175 2365 servandi
1193 2299 1314 2386 gratia,

166 2424 208 2466 ne
224 2403 298 2488 quis
313 2403 539 2488 impediretur,
555 2404 729 2489 quominus
745 2403 791 2469 eis
808 2404 907 2468 rebus
923 2404 1043 2489 quibus
1058 2403 1196 2489 quisque
1215 2401 1315 2468 vellet

167 2506 337 2571 frueretur.
382 2505 432 2594 (2)
464 2529 592 2594 semper
628 2530 704 2572 eum
736 2507 909 2595 pedisequi
944 2528 1022 2572 cum
1053 2507 1199 2571 nummis
1235 2513 1316 2571 sunt

167 2610 280 2686 secuti,
304 2616 350 2687 ut,
375 2611 403 2676 si
431 2613 505 2696 quis
531 2614 604 2698 opis
630 2613 701 2676 eius
725 2611 897 2697 indigeret,
923 2611 1061 2676 haberet
1086 2611 1175 2696 quod
1200 2610 1314 2675 statim

167 2714 269 2790 daret,
291 2736 332 2779 ne
362 2715 541 2781 differendo
568 2715 738 2780 videretur
767 2737 894 2802 negare.
939 2737 1045 2802 saepe,
1071 2736 1146 2780 cum
1171 2713 1315 2799 aliquem

168 2817 328 2882 offensum
337 2818 471 2883 fortuna
487 2819 615 2884 videret
630 2819 740 2883 minus
754 2818 836 2884 bene
845 2818 1016 2894 vestitum,
1027 2840 1124 2883 suum
1134 2816 1315 2882 amiculum

167 2921 268 2985 dedit.
315 2921 362 3009 (3)
378 2921 512 2988 cottidie
534 2923 580 2989 sic
599 2944 681 2989 cena
700 2923 731 2987 ei
751 2922 963 3009 coquebatur,
978 2928 1027 3003 ut,
1042 2943 1124 3008 quos
1142 2921 1317 2985 invocatos

167 3023 305 3089 vidisset
327 3026 363 3090 in
385 3027 464 3105 foro,
486 3049 599 3093 omnes
622 3028 666 3093 ad
687 3049 722 3092 se
746 3034 888 3104 vocaret,
909 3027 996 3112 quod
1018 3026 1124 3091 facere
1145 3024 1239 3090 nullo
1261 3025 1316 3090 die

167 3130 460 3212 praetermittebat.
502 3131 589 3215 nulli
627 3132 708 3197 fides
748 3132 828 3208 eius,
868 3130 953 3196 nulli
989 3151 1098 3216 opera,
1134 3129 1220 3194 nulli
1263 3151 1316 3194 res

168 3232 343 3297 familiaris
373 3233 499 3298 defuit:
537 3234 660 3300 multos
689 3235 915 3321 locupletavit,
942 3233 1127 3320 complures
1157 3255 1316 3320 pauperes

171 3333 359 3424 [mortuos],
377 3338 434 3424 qui
452 3338 541 3403 unde
561 3340 753 3404 efferrentur
771 3360 839 3404 non
859 3337 1080 3424 reliquissent,
1098 3359 1157 3402 suo
1180 3342 1316 3423 sumptu

169 3440 299 3504 extulit.
345 3439 392 3528 (4)
413 3441 461 3506 sic
480 3462 514 3505 se
535 3442 678 3525 gerendo
701 3440 838 3506 minime
858 3450 908 3507 est
930 3441 1131 3518 mirandum,
1145 3441 1175 3505 si
1198 3447 1232 3505 et
1246 3442 1318 3505 vita

168 3543 238 3607 eius
254 3543 321 3607 fuit
335 3564 448 3608 secura
463 3550 496 3608 et
513 3566 601 3609 mors
615 3545 743 3610 acerba.

213 3684 266 3740 75.
289 3673 410 3738 Athen.
426 3673 485 3738 xii.
502 3690 565 3759 533
578 3675 627 3739 A:
650 3673 705 3741 Ἐν
726 3675 762 3762 τῇ
784 3675 892 3762 δεκάτῃ
910 3683 971 3741 τῶν
989 3678 1183 3739 Φιλιππικῶν
1201 3676 1218 3738 δ
1237 3674 1318 3738 Θεό-

169 3780 286 3859 πομπός
301 3777 368 3867 (fr.
386 3800 428 3863 94
443 3778 480 3843 F.
492 3778 538 3843 Η.
554 3777 590 3844 G.
607 3779 628 3844 i.
646 3782 722 3869 293)
734 3788 822 3861 φησι·
854 3787 872 3815 “
883 3781 987 3859 Κίμων
1001 3781 1017 3842 δ
1032 3777 1192 3856 Ἀθηναῖος
1208 3781 1241 3845 έν
1255 3782 1318 3845 τοῖς

170 3885 271 3966 ἀγροῖς
297 3886 346 3948 καὶ
371 3888 435 3951 τοῖς
459 3882 564 3964 κήποις
587 3883 693 3950 οὐδένα
714 3889 767 3947 τοῦ
790 3889 904 3964 καρποῦ
931 3885 1060 3947 καθίστα
1081 3882 1212 3964 φύλακα,
1235 3884 1317 3950 ὅπως

169 3989 198 4050 οἱ
220 3989 405 4066 βουλόμενοι
423 3994 483 4053 τῶν
503 3994 638 4054 πολιτῶν
655 3989 802 4056 εἰσιόντες
821 3988 1026 4069 ὀπωρίζωνται
1049 3985 1096 4050 καὶ
1116 3985 1318 4068 λαμβάνωσιν

169 4092 199 4153 εί
222 4116 302 4156 τινος
330 4091 446 4157 δέοιντο
467 4099 528 4157 τῶν
551 4094 583 4157 έν
606 4098 667 4158 τοῖς
690 4093 823 4176 χωρίοις.
867 4091 973 4157 ἔπειτα
997 4091 1052 4170 τὴν
1076 4092 1172 4155 οίκίαν
1191 4093 1317 4173 παρεῖχε

170 4193 271 4272 κοινὴν
294 4195 400 4259 ἅπασι·
440 4193 488 4260 καὶ
510 4199 632 4261 δεῖπνον
654 4197 714 4260 alsi
739 4196 859 4262 circlis
883 4192 1163 4276 παρασκευάζεσθαι
1189 4195 1318 4259 πολλοῖς

168 4297 337 4379 ἀνθρώποις
362 4297 410 4362 καὶ
436 4299 503 4365 τοὺς
529 4300 659 4380 ἀπόρους
686 4300 868 4382 προσιόντας
890 4305 950 4364 τῶν
971 4298 1139 4378 Ἀθηναίων
1164 4297 1317 4364 είσιόντας

168 4406 310 4465 δειπνεῖν.
367 4401 546 4483 ἐθεράπευεν
571 4405 604 4466 δὲ
631 4400 680 4466 καὶ
702 4402 771 4469 τοὺς
798 4401 863 4467 καθ’
888 4402 1018 4479 ἑκάστην
1039 4399 1150 4482 ἡμέραν
1176 4399 1267 4463 αὐτοῦ
1288 4425 1319 4465 τι

169 4505 334 4584 δεομένους,
352 4507 401 4570 καὶ
420 4505 564 4590 λέγουσιν
579 4507 618 4575 ῶς
632 4505 793 4590 περιήγετο
812 4509 868 4584 μὲν
888 4504 934 4570 δεῖ
954 4505 1127 4572 νεανίσκους
1143 4503 1186 4568 δί’
1203 4499 1222 4583 ἢ
1237 4507 1318 4586 τρεῖς
