3000 5046
217 361 278 422 352
532 343 619 401 THE
646 342 858 401 WESTERN
882 340 1060 401 GREEKS.
1203 350 1367 416 [9119111.

220 539 269 605 καῖ
293 542 408 621 σεμνὴν
431 543 597 619 ἀναλαβὼν
621 543 744 618 ε’σθῖητα.
789 545 849 605 τοῖς
876 543 908 603 δὲ
937 542 1159 606 Σελινουντίοις
1185 539 1373 620 ἐμπεσόντος

219 650 327 726 λοιμοῦ
350 645 399 709 διὰ
420 645 475 712 τὰς
498 647 558 709 ἆπδ
578 649 631 707 τοῦ
652 644 868 727 παρακειμένου
890 648 1026 725 ποταμοῦ
1047 644 1205 721 δυσωδίας,
1220 645 1300 707 ὥστε
1322 640 1372 705 καὶ

220 750 325 815 αὐτοὺς
341 751 520 831 φθείρεσθαι
536 747 655 814 καὶτὰς
675 752 817 831 γυναῖκας
838 753 1002 823 δυστοκεῖν,
1019 749 1177 824 ἐπινοῆσαι
1193 747 1245 810 τδν
1259 746 1373 827 Ἐμπε·

220 854 331 919 δοκλέα
362 851 409 917 καὶ
439 853 491 916 δύο
522 857 604 918 τινὰς
635 851 785 931 ποταμοὺς
815 856 876 916 τῶν
906 852 1053 932 σύνεγγυς
1088 853 1254 933 ἐπαγαγεῖν
1284 850 1372 915 ἰδίαις

220 957 375 1022 δαπάναις·
407 953 455 1019 καῖ
472 956 672 1036 καταμίξαντα
687 959 833 1037 γλυκῖιναι
850 953 886 1017 τὰ
899 955 1039 1036 ῥεύματα.
1077 955 1154 1017 οὕτω
1170 954 1206 1033 δὴ
1222 951 1372 1032 λήξαντος

220 1065 272 1123 τοῦ
284 1063 392 1138 λοιμοῦ
408 1057 456 1122 καὶ
472 1067 532 1124 τῶν
543 1059 761 1123 Σελινουντίων
776 1056 990 1142 εὐωχουμένων
1004 1059 1076 1121 ποτὲ
1087 1056 1168 1138 παρὰ
1182 1058 1225 1142 τηῖ
1239 1059 1373 1143 ποταμῷ,

221 1165 408 1243 ἐπιφανῆναι
428 1168 481 1227 τδυ
499 1160 717 1242 Ἐμπεδοκλέα·
752 1162 819 1228 τοὺς
839 1161 864 1225 δ’
880 1159 1105 1240 ἐξαναστάντας
1126 1164 1306 1241 προσκυνεῖν
1324 1158 1373 1223 καῖ

220 1268 446 1349 προσεύχεσθαι
462 1268 623 1345 καθαπερεὶ
639 1267 707 1351 θεῷ.
744 1265 854 1344 ταύτην
869 1264 921 1328 οῦν
935 1264 1066 1329 θέλοντα
1080 1269 1306 1345 διαβεβοιῶσαι
1317 1264 1373 1343 τὴν

221 1372 378 1452 ὑπόληψιν
393 1373 436 1438 είς
451 1377 486 1435 τδ
501 1377 559 1452 πῦρ
575 1372 747 1436 ένολέσθοι.

636 1590 739 1655 Csina
759 1589 798 1673 os
815 1590 962 1658 Selinus.

264 1740 339 1796 199.
362 1728 438 1795 obv.
467 1740 783 1828 ᾺΟΠἉΟἉΙΛΞ)
811 1729 934 1815 Apollo
958 1729 1026 1795 and
1050 1729 1195 1795 Artemis
1225 1729 1296 1794 side
1326 1729 1373 1814 by

221 1851 293 1916 side
318 1851 355 1916 in
376 1850 460 1917 slow
476 1849 638 1936 quadriga
657 1855 693 1914 to
714 1849 784 1926 left,
800 1850 857 1916 the
872 1850 994 1915 former
1014 1849 1227 1937 discharging
1248 1872 1373 1915 mewa

221 1956 306 2021 from
322 1955 374 2019 his
388 1954 473 2020 bow.

265 2058 342 2124 Rev.
377 2069 557 2136 ξΕΛΙἈοξ
602 2055 784 2142 River·god
822 2056 965 2133 Selinus,
999 2057 1081 2123 with
1122 2058 1216 2124 short
1259 2059 1372 2137 horus,

222 2180 358 2267 holding
372 2186 486 2264 patera
501 2178 568 2244 and
583 2177 701 2242 lustral
715 2176 850 2258 braneh,
867 2179 1028 2265 standing
1047 2185 1083 2243 to
1100 2179 1169 2257 left,
1187 2178 1375 2265 sacrifieing

222 2293 259 2351 at
280 2306 324 2349 an
345 2283 434 2348 altar·
456 2282 493 2347 of
512 2280 699 2366 Asklepios.
745 2281 858 2347 Before
879 2281 937 2347 the
958 2282 1054 2361 alter,
1075 2304 1096 2347 a
1118 2282 1220 2361 eoek3
1249 2282 1374 2347 behind

224 2388 368 2463 Selinus,
392 2408 436 2451 on
458 2409 478 2450 a
501 2384 661 2473 pedestal,
685 2385 742 2450 the
764 2385 869 2472 figure
892 2385 930 2451 of
947 2407 969 2450 a
991 2385 1081 2463 bull;
1113 2387 1229 2465 above,
1253 2386 1290 2450 in
1315 2385 1374 2451 the

224 2490 310 2566 field,
326 2489 455 2554 selinon
470 2488 544 2554 leaf.

642 2592 676 2657 ei
692 2592 937 2658 Tetradreehm.
962 2591 1029 2657 Wt.
1049 2610 1142 2679 17·43
1156 2614 1329 2681 grammes.

269 2695 372 2787 [Brit.
393 2698 477 2763 Mus.
493 2697 576 2777 Oai,
590 2696 707 2783 Sicily,
723 2697 856 2762 Selinus
871 2719 922 2762 no.
941 2694 1007 2786 πα]

267 2842 343 2896 190.
367 2827 443 2893 obv.
467 2836 818 2906 ξΕΛΙχΛΟχΛΤΙΟχΛ
841 2826 1005 2892 Herakles
1020 2832 1055 2892 to
1070 2826 1158 2913 right
1172 2827 1377 2913 contending

223 2950 307 3016 with
328 2972 349 3014 a
369 2949 460 3025 bull;
490 2946 575 3013 with
597 2946 669 3023 left,
684 2946 724 3012 he
741 2947 837 3011 holds
858 2947 903 3012 its
919 2948 1013 3028 horn,
1029 2949 1066 3011 in
1087 2947 1180 3034 right
1200 2949 1241 3014 he
1257 2948 1375 3014 wields

222 3053 275 3118 his
290 3053 377 3119 elub.

266 3157 341 3222 Rev·
366 3162 519 3235 ΗλΙίνΑἱ
552 3173 621 3237 The
647 3172 819 3258 river-god
850 3173 995 3259 Hypsas,
1027 3173 1109 3238 with
1140 3174 1233 3239 short
1262 3174 1373 3251 horns,

222 3278 360 3364 holding
375 3283 490 3364 patera
505 3276 571 3341 end
588 3276 706 3341 lustral
721 3277 857 3357 brnneh,
875 3277 1034 3364 standing
1048 3284 1084 3342 to
1104 3277 1173 3359 left,
1187 3278 1376 3365 sacrifieing

222 3388 258 3447 at
273 3404 317 3447 an
332 3381 429 3460 aliar,
442 3380 549 3446 round
564 3380 671 3446 which
693 3402 714 3444 a
734 3387 866 3464 serpent
884 3381 1013 3446 twines.
1058 3380 1100 3445 ln
1115 3380 1193 3446 field
1210 3404 1231 3447 a
1248 3381 1376 3446 marsh-

225 3486 299 3551 bird
314 3485 463 3572 walking
476 3507 574 3570 away
588 3511 596 3561 ;
618 3484 735 3558 above,
753 3485 881 3550 selinon
896 3484 971 3548 leaf.

742 3588 777 3653 Al
795 3588 986 3654 Didroehm.
1011 3588 1075 3653 We.
1093 3590 1142 3670 8·5
1157 3610 1332 3676 graminea.

269 3692 373 3782 [Bria
388 3693 477 3758 Μυο.
494 3692 577 3769 Cal„
594 3692 709 3777 Sicily,
726 3691 858 3758 Selinus
872 3713 925 3757 no.
943 3690 1011 3780 34]

604 3912 728 3976 &aas
749 3911 789 3998 os
804 3911 858 3977 lis
879 3911 994 3978 Dente.

267 4063 334 4116 191.
357 4050 453 4136 Diog.
470 4051 576 4114 Laert.
595 4051 663 4114 viii.
676 4053 737 4131 67:
768 4050 844 4135 Περὶ
866 4055 898 4117 δὲ
914 4059 965 4116 τοῦ
981 4052 1110 4117 θανάτου
1126 4054 1216 4118 αὐτοῦ
1231 4053 1376 4138 διάφορός

225 4159 310 4220 ἐστιν
333 4156 463 4237 θλόγος.
508 4152 708 4235 Ἡρακλείδης
729 4158 785 4234 μὲν
806 4160 864 4239 γὰρ
887 4156 924 4220 τὰ
946 4155 1088 4238 περὶτῆς
1111 4158 1206 4222 ἄπνου
1229 4157 1377 4241 διηγησά-

223 4286 322 4339 μενος,
341 4260 380 4325 ὡς
404 4258 551 4337 ἐδοξάσθη
572 4259 781 4339 Ἐμπεδοκλῆς
804 4262 988 4327 ἀποστείλας
1011 4261 1065 4340 τὴν
1087 4266 1195 4342 νεκρὰν
1218 4264 1378 4343 ἄνθρωπον

225 4366 334 4443 ζῶσαν,
359 4360 455 4445 φησὶν
483 4365 529 4428 ὅτι
560 4365 667 4426 θυσίαν
691 4364 845 4428 συνετέλει
869 4364 944 4444 πρὸς
970 4369 1011 4450 τῷ
1036 4365 1258 4433 Πεισιάνακτος
1284 4369 1375 4451 ἀγρῷ.

225 4467 442 4544 συνεκέκληντο
458 4470 490 4530 δὲ
504 4475 565 4532 τῶν
580 4468 680 4547 φίλων
694 4493 783 4546 τινες,
801 4470 834 4533 ἐν
855 4470 901 4536 οἶς
922 4467 971 4532 καὶ
988 4471 1174 4536 Παυσανίας.
1216 4470 1288 4557 (68)
1311 4471 1378 4537 εἶτα
