3000 5046
115 363 232 430 4740]
379 353 471 414 HER
495 356 653 415 ALLIES
676 355 771 414 AND
798 355 1015 416 COLONIES.
1228 373 1269 434 95

160 552 232 641 (όν)
255 555 361 633 Κίμων
385 557 420 620 δέ
446 557 497 620 διδ
525 557 579 633 τῆς
613 554 691 619 ίδίας
722 558 906 634 στρατηγίας
932 550 981 617 καί
1011 554 1119 633 δρετῆς
1148 552 1269 634 μεγάλα

118 658 329 737 κατωρθωκός,
359 658 542 741 περιβόητον
578 657 655 741 ἐσχε
691 656 747 735 τὴν
776 655 869 736 δόξαν
897 656 933 720 οὐ
966 657 1060 738 μόνον
1095 656 1177 740 παρὰ
1206 663 1269 724 τοῖς

118 763 259 829 πολίταις
281 759 363 826 ἀλλὰ
386 762 435 826 καὶ
455 760 537 843 παρὰ
557 767 622 827 τοῖς
641 760 749 828 ἄλλοις
768 758 934 841 Ἕλλησιν.
978 762 1190 843 αἰχμαλώτους
1211 760 1269 843 γὰρ

119 864 241 947 εἰλήφει
256 863 405 950 [τριήρεις]
418 865 593 947 τριακοσίας
614 866 664 930 καὶ
684 863 902 946 τετταράκοντα
923 869 1006 943 ναῦς,
1020 863 1129 945 ἄνδρας
1145 867 1178 928 δέ
1193 866 1268 945 ὑπὲρ

118 968 188 1036 τούς
202 970 382 1054 δισμυρίους,
397 968 560 1054 χρημάτων
573 971 607 1034 δέ
622 972 740 1049 πλῆθος
756 966 928 1050 ἀξιόλογον.
973 965 1021 1054 (2)
1045 970 1074 1033 οί
1093 970 1126 1033 δέ
1148 968 1269 1050 Πέρσαι

118 1073 306 1152 τηλικούτοις
341 1073 534 1152 ἐλαττόμασι
563 1073 824 1153 περιπεπτωκότες
853 1072 952 1139 άλλας
980 1069 1110 1155 τριήρεις
1134 1073 1268 1146 πλείους,

119 1177 354 1256 κατεσκεύασαν,
378 1176 565 1259 φοβούμενοι
586 1177 642 1258 τὴν
663 1182 723 1241 τῶν
749 1175 918 1255 Ἀθηναίων
939 1175 1076 1257 αὐξησιν.
1120 1177 1180 1240 δπδ
1211 1174 1269 1258 γὰρ

119 1281 233 1346 τούτων
248 1286 307 1346 τῶν
320 1282 440 1366 χρόνων
459 1279 478 1360 ή
500 1282 590 1349 πόλις
610 1288 670 1348 τῶν
690 1278 858 1361 Ἀθηναίου
872 1280 993 1362 πολλὴν
1014 1281 1153 1344 ἐπίδοσιν
1175 1279 1268 1360 ἐλόμ-

117 1392 205 1466 βανε,
228 1382 391 1469 χρημάτων
411 1409 445 1449 τε
465 1383 575 1465 πλήθει
598 1389 879 1450 κατασκευασθεῖσα
899 1385 948 1449 καὶ
968 1382 1058 1464 δόξης
1078 1383 1214 1466 μεγάλης
1237 1386 1270 1450 ἐν

44 1512 49 1520 ’
120 1489 242 1573 ὐνδρεία
263 1490 313 1553 καὶ
335 1489 504 1574 στρατηγία
531 1493 675 1574 τυχοῦσα.
721 1485 768 1575 (3)
791 1490 808 1553 δ
831 1489 865 1553 δέ
895 1491 985 1566 δῆμος
1014 1492 1075 1552 τῶν
1098 1487 1270 1566 Ἀθηναίων

120 1591 248 1672 δεκάτην
269 1592 447 1675 ἐξελόμενος
468 1594 501 1657 ἐκ
525 1601 586 1658 τῶν
607 1592 754 1676 λαφόρων
774 1590 898 1671 άνέθηκε
919 1593 962 1677 τῷ
983 1593 1052 1676 θεῷ,
1068 1593 1117 1656 καὶ
1133 1590 1188 1671 τήν
1203 1593 1269 1656 ἐτι·

119 1697 241 1779 γραφὴν
259 1697 310 1762 ἐπὶ
324 1697 360 1760 τὸ
375 1701 619 1763 κατασκευασθέν
633 1696 772 1777 ἀνάθημα
786 1698 938 1779 ἐνέγραψε
953 1694 1052 1775 τήνδε,

250 1799 288 1880 ἐξ
306 1800 341 1864 οὐ
362 1798 392 1883 γ’
415 1801 563 1883 Εὐρότην
583 1799 690 1869 Ἀσίας
712 1802 785 1886 δίχα
806 1801 916 1868 πόντος
938 1800 1047 1881 ἐνειμε,

297 1906 345 1969 καὶ
368 1904 479 1972 πόλιας
495 1911 612 1984 θνητόν
635 1910 742 1987 θοῦρος
760 1903 855 1985 Ἀρης
878 1905 993 1987 ἐπέχει,

252 2007 340 2073 οὐδέν
362 2035 409 2072 ποι
432 2014 569 2076 τοιοῦτον
591 2011 773 2094 ἐπιχθονίων
795 2006 891 2090 γένετ’
913 2010 1030 2089 ἀνδρῶν

295 2113 383 2196 ἔργον
406 2114 439 2179 ἐν
460 2114 573 2200 ἠπείρῳ
597 2116 647 2179 καὶ
670 2113 745 2178 κατὰ
767 2115 879 2179 πόντον
901 2112 972 2192 άμα.

252 2218 314 2281 οἵδε
332 2215 390 2299 γὰρ
412 2219 446 2284 ἐν
468 2219 578 2303 Κόπριρ
601 2216 726 2297 Μήδους
749 2216 884 2284 πολλοὺς
906 2214 1080 2293 ὀλέσαντες,

295 2323 446 2388 Φοινίκων
469 2327 575 2388 ἑκατὸν
598 2328 668 2391 ναῦς
691 2323 764 2388 έλον
786 2326 820 2388 ἐν
842 2320 981 2404 πελάγει,

253 2427 369 2510 ὐνδρῶν
391 2428 576 2509 πληθούσας,
597 2427 676 2510 μέγα
698 2429 724 2493 δ’
747 2428 870 2492 ἔστενεν
891 2424 978 2493 Ἀσὶς
999 2425 1049 2491 ὕπ’
1072 2426 1168 2491 αὐτῶν

297 2532 439 2614 πληγεῖσ’
461 2531 646 2615 ἀμφοτέραις
669 2532 768 2616 χερσί,
791 2531 890 2613 κράτει
914 2530 1058 2612 πολέμου.

165 2641 268 2700 Ταῦτα
290 2639 346 2716 μέν
366 2636 420 2703 οὐν
442 2637 577 2722 ἐπράχθη
602 2639 678 2701 κατὰ
699 2641 806 2702 τοῦτον
827 2641 881 2699 τδν
904 2636 1052 2701 ἐνιαυτόν.

166 2786 219 2841 47.
241 2773 389 2839 Aristod.
405 2773 450 2838 xi.
468 2792 487 2839 2
510 2772 562 2860 (θ’.
578 2772 623 2836 Η.
645 2772 683 2838 G.
699 2793 729 2837 v.
746 2793 777 2857 p.
798 2770 873 2858 13)=
901 2773 1038 2854 Κίμωνος
1060 2775 1093 2837 δὲ
1114 2777 1166 2837 τοῦ
1188 2777 1270 2836 Μιλ-

124 2878 228 2944 τιάδου
258 2883 494 2960 στρατηγοῦντος
522 2877 712 2943 ἀνέπλευσαν
738 2875 788 2943 ἐπί
814 2874 870 2957 τήν
896 2878 1085 2959 Παμφυλίαν
1115 2881 1189 2942 κατὰ
1219 2884 1270 2941 τδν

123 2985 289 3066 λεγόμενον
328 2981 535 3064 Εὐρυμέδοντα
569 2983 714 3059 ποταμόν,
745 2981 794 3047 καὶ
825 2979 1039 3064 ἐναυμάχησαν
1072 2980 1192 3061 Φοίνιξι
1222 2982 1272 3045 καὶ

123 3086 269 3167 Πέρσαις,
294 3087 344 3151 καὶ
369 3089 494 3169 λαμπρὰ
518 3088 590 3169 ἔργα
617 3084 818 3165 ἐπεδείξαντο,
848 3086 954 3150 ἑκατόν
982 3110 1016 3150 τε
1045 3091 1116 3152 ναύς
1150 3087 1270 3152 ἑλόντες

123 3191 302 3273 αὐτάνδρους
324 3191 564 3272 ἐπεζομάχησαν,
587 3191 636 3254 καὶ
663 3190 716 3253 δύο
742 3190 871 3271 τρόπαια
892 3190 1036 3269 ἔστησαν,
1061 3190 1096 3254 τὸ
1117 3193 1174 3273 μέν
1197 3193 1272 3254 κατὰ

123 3297 191 3377 γῆν,
206 3294 241 3359 τὸ
256 3295 289 3358 δέ
304 3293 379 3357 κατὰ
394 3292 554 3360 θάλατταν.

166 3443 223 3497 48.
246 3429 409 3496 Eusebius
432 3428 543 3518 (Syna.
558 3445 632 3513 470.
650 3427 703 3518 7):
739 3431 841 3511 Κίμων
863 3429 910 3494 ἐπ’
930 3429 1127 3510 Εὐρυμέδοντι
1151 3429 1273 3513 Πέρσας

125 3537 208 3601 ἐνίκα
230 3536 380 3620 ναυμαχίᾳ
405 3531 454 3599 καὶ
477 3534 656 3620 πεζομαχία.
702 3531 750 3598 καὶ
770 3535 787 3598 ό
808 3538 942 3613 Μηδικὸς
965 3533 1097 3611 πόλεμος
1119 3534 1272 3599 ἐπαύσατο

123 3639 174 3704 διὰ
200 3639 348 3722 φιβάλεις
375 3638 503 3723 ίσχόδας
527 3639 642 3707 συστὰς
671 3638 805 3719 Πέρσαις
830 3636 878 3700 καὶ
902 3637 1074 3716 Ἀθηναίοις
1101 3636 1150 3702 καὶ
1178 3643 1272 3705 πᾶσιν

126 3861 176 3931 79,
192 3869 231 3926 4:
253 3845 373 3912 Cimon
388 3844 486 3912 iuxta
506 3846 785 3932 Eurymedontem
800 3844 917 3910 Persas
934 3843 1049 3908 novoli
1064 3845 1273 3933 pedestrique

124 3949 673 4035 oertnminosuporntetMedioum
684 3948 810 4014 bellum
824 3946 1037 4034 oonquiosoin.
1075 3948 1273 4017 Καιομένου.

127 4055 245 4121 Cimon
268 4055 367 4121 iuxta
387 4054 529 4120 fiuvium
547 4053 816 4120 Eurimedontem
832 4058 866 4119 et
886 4053 1001 4118 Persas
1019 4054 1133 4118 navali
1147 4055 1273 4140 proelio

126 4158 291 4237 vincebam
306 4166 341 4225 ot
355 4158 521 4225 Medicum
536 4157 661 4225 bellum
677 4158 827 4224 cessabat
841 4155 1050 4245 (sedebatur).

167 4309 223 4362 49.
246 4295 469 4382 Polynonun'n
486 4315 548 4382 34:
572 4297 675 4376 Κίμων
690 4295 736 4360 ἐπ’
753 4296 951 4376 Εὐρυμέδοντι
970 4297 1094 4380 ποταμῷ
1116 4297 1185 4382 νικᾷ
1207 4299 1275 4365 τοὺς
1394 4306 1401 4318 ’

125 4403 281 4482 βασιλέως
296 4401 453 4483 σατράπας
469 4397 518 4466 καὶ
533 4403 637 4464 πολλὰ
652 4398 756 4481 σκάφη
772 4398 946 4483 βαρβαρικὰ
961 4399 1041 4464 ἐλύν
1058 4400 1089 4466 ἐς
1101 4404 1193 4464 ταῦτα
1208 4402 1275 4469 τοὺς

122 4503 278 4585 Ἕλληνας
293 4507 423 4591 ἐμβῆναι
439 4505 555 4571 κελεόει
571 4505 620 4570 καὶ
635 4506 747 4571 στολδς
767 4505 886 4571 ἐνδῦναι
902 4505 1040 4583 Μηδικάς
1057 4501 1105 4569 καὶ
1119 4509 1210 4570 πλεῖν
1224 4505 1275 4569 ἐπὶ
