3000 5046
140 370 257 435 83-88.]
365 362 453 422 THE
476 362 711 421 ΑΤΗΕΝΙΑΝ
735 363 1057 426 CONSTITUTION.
1232 384 1289 426 211

142 552 190 620 καὶ
219 558 365 638 λαφύρων
395 560 610 636 ἐμπεπληκότα
639 560 695 639 τὴν
724 561 825 640 πόλιν,
852 561 892 628 ὡς
924 564 957 626 ἐν
986 566 1050 629 τοῖς
1080 560 1148 643 περὶ
1174 564 1292 628 ἐκείνου

139 659 316 742 γέγραπται.

182 760 271 830 Plut.
287 763 373 830 eim.
393 781 442 847 17.
488 764 549 831 See
564 765 671 832 below
686 775 768 835 VII.
785 780 838 833 88.

184 895 238 948 84.
261 882 360 951 Corn.
376 884 462 970 Nep.
478 885 564 951 eim.
580 906 620 971 3:
643 886 774 966 Quibus
789 886 887 953 rebus
901 909 976 954 cum
994 909 1081 953 unus
1098 888 1135 954 in
1153 888 1291 954 civitate

138 985 284 1052 maxime
298 988 436 1066 floreret,
453 987 573 1054 incidit
589 989 624 1054 in
644 991 781 1056 eandem
799 991 964 1056 invidiam
982 1014 1083 1078 quam
1097 997 1193 1078 pater
1209 1014 1290 1058 suus

139 1090 304 1178 ceterique
333 1091 586 1158 Atheniensium
614 1093 801 1181 principos:
833 1116 912 1159 nam
937 1099 1098 1160 testarum
1121 1095 1290 1182 suffragiis

138 1194 238 1280 [quod
259 1194 312 1260 illi
334 1198 540 1279 ὀστρακισμόν
562 1198 694 1282 vocant]
719 1199 831 1264 decem
853 1219 1018 1265 annorum
1040 1198 1143 1264 exilio
1166 1198 1288 1264 multa·

138 1304 192 1364 tus
214 1305 275 1365 est.

510 1467 653 1534 Mnrder
674 1476 713 1533 or
730 1474 918 1547 Ephialtes.

182 1613 235 1668 85.
260 1599 393 1693 [mist]
410 1603 507 1690 neap.
525 1605 603 1671 Att.
622 1619 672 1688 25.

181 1735 236 1789 88.
260 1724 356 1792 Diod.
371 1724 416 1792 xi.
434 1742 484 1809 77.
501 1727 531 1792 6.
581 1725 641 1790 See
655 1725 762 1790 above
777 1735 829 1791 ⁵14.

184 1856 235 1912 87.
258 1844 345 1914 Plut.
361 1846 437 1914 Per.
456 1867 514 1911 10:
538 1853 610 1915 Πῶς
632 1846 670 1910 δν
693 1847 746 1913 ούυ
768 1871 812 1912 τις
835 1846 981 1925 Ἰδομενεῖ
1001 1846 1177 1911 πιστεύσειε
1198 1871 1286 1923 κατη-

136 1956 276 2031 γοροῦντι
310 1956 362 2015 τοῦ
399 1950 593 2032 Περικλέους,
623 1951 662 2018 ὣς
695 1957 747 2014 τὸν
779 1955 958 2032 δημαγωγὸν
989 1948 1159 2030 Ἐφιάλτην
1192 1951 1287 2030 φίλον

136 2055 299 2137 γενόμενον
321 2053 370 2120 καί
393 2056 537 2120 κοινωνὸν
557 2056 629 2119 ὄντα
650 2059 703 2134 τῆς
720 2055 803 2143 ἐντῇ
822 2054 963 2138 πολιτείᾳ
978 2052 1182 2134 προαιρέσεως
1197 2059 1286 2118 δολο-

136 2158 330 2240 φονύσαντος
352 2160 402 2225 διὰ
423 2160 607 2241 ζηλοτυπίαν
628 2157 678 2223 καί
701 2159 818 2239 φθόνον
839 2161 891 2238 τῆς
913 2155 1026 2237 δόξης,
1050 2162 1142 2221 ταῦτα
1160 2160 1218 2240 γὰρ
1234 2158 1285 2221 ούκ

136 2261 191 2328 οἶδ’
206 2264 277 2329 ὅθεν
291 2265 474 2347 συναγαγὼν
491 2265 594 2346 ὥσπερ
613 2263 712 2344 χολὴν
736 2260 838 2343 τάνδρί
860 2260 1091 2343 προσβέβληκε,
1111 2260 1208 2348 πάντη
1231 2264 1287 2339 μέν
1373 2301 1376 2304 <

135 2369 210 2435 ἴσως
229 2368 280 2433 ούκ
303 2368 506 2452 ἀνεπιλήπτῳ,
524 2368 665 2449 φρόνημα
687 2365 713 2430 δ’
731 2365 849 2448 εύγενές
869 2365 972 2448 ἔχοντι
995 2363 1043 2429 καὶ
1064 2363 1172 2448 ψυχὴν
1194 2367 1286 2445 φιλό-

135 2498 229 2553 τιμον,
245 2475 291 2542 οἷς
306 2474 391 2539 ούδέν
406 2474 550 2554 ἐμφύεται
567 2472 663 2540 πάθος
679 2472 761 2553 ὦμδν
776 2474 853 2536 ούτω
869 2468 919 2536 καὶ
935 2475 1087 2552 θηριῶδες.
1115 2470 1285 2552 Ἐφιάλτην

133 2582 189 2657 μέν
211 2578 264 2642 ούν
286 2584 423 2660 φοβερὸν
445 2579 518 2643 ὄντα
540 2581 603 2643 τοῖς
624 2577 833 2659 ὀλιγαρχικοῖς
851 2576 901 2639 καὶ
922 2572 991 2655 περὶ
1012 2577 1066 2641 τὰς
1090 2574 1213 2642 εύθύυας
1237 2578 1286 2640 καὶ

135 2679 252 2759 διάξεις
274 2688 334 2746 τῶν
356 2681 409 2746 τὸν
427 2685 521 2759 δῆμον
538 2680 719 2745 ἀδικούντων
735 2680 938 2761 άπαραίτητου
957 2677 1232 2759 ἐπιβουλεύσαντες
1256 2681 1286 2743 οἱ

132 2786 147 2849 ἐ
150 2784 238 2867 χθροὶ
250 2785 288 2849 δι’
299 2785 508 2866 Ἀριστοδίκου
523 2788 576 2848 τοῦ
587 2787 776 2867 Ταναγρικοῦ
789 2784 941 2865 κρυφαίως
952 2783 1084 2861 άνεῖλον,
1096 2780 1136 2849 ὥς
1144 2781 1285 2864 Ἀριστο-

132 2889 222 2968 τέλης
240 2891 365 2972 εἴρηκεν.

177 3022 232 3075 88.
256 3010 429 3097 Antiphon
447 3026 468 3095 5
488 3009 529 3075 de
548 3008 637 3075 θανά.
654 3008 734 3074 Her.
751 3008 812 3073 68:
834 3008 948 3072 Αὐτίκα
961 3004 1131 3090 Ἐφιάλτην
1145 3005 1198 3071 τὸν
1212 3005 1283 3083 ύμέ-

133 3138 220 3197 τερον
235 3117 364 3194 πολίτην
379 3115 495 3181 ούδέπω
512 3113 609 3200 (καὶ)
623 3119 676 3181 νῦν
690 3114 832 3195 ηύρηνται
848 3115 877 3177 οἱ
893 3111 1130 3178 ἀποκτείναντες.

544 3369 624 3428 Rite
647 3367 687 3426 ot
704 3366 869 3425 Perikles.

177 3499 420 3568 &nnn

481 3634 638 3702 Peritzae’
659 3631 782 3700 Public
804 3632 931 3719 Ροίέτγ.

176 3788 230 3843 88.
251 3776 339 3843 Plut.
355 3775 432 3841 Por.
452 3795 487 3840 11
501 3799 514 3839 ι·
533 3774 592 3839 Διδ
618 3770 667 3839 καί
694 3774 763 3838 τότε
787 3772 924 3854 μάλιστα
950 3771 991 3858 τῷ
1014 3768 1098 3856 δήμῳ
1122 3768 1176 3838 τὰς
1195 3769 1284 3848 ἡνίας

131 3878 213 3949 θνείς
243 3883 259 3945 ὁ
290 3884 443 3961 Περικλῆς
477 3880 669 3945 ἐπολιτεύετο
704 3872 778 3961 πρὸς
812 3877 910 3961 χάριν,
940 3876 988 3940 άεὶ
1021 3873 1075 3958 μίν
1110 3898 1179 3940 τινα
1210 3878 1284 3941 θίαν

132 3986 337 4068 πανηγυρικὴν
356 3982 376 4063 ἢ
400 3984 540 4049 ἑστίασιν
560 3982 579 4063 ἢ
601 3983 725 4063 πομπὴν
744 3980 822 4047 εἶναι
839 3980 1054 4064 μηχανώμενος
1071 3980 1104 4043 ἐν
1124 3978 1213 4044 άστει
1233 3977 1282 4043 καί

130 4092 380 4170 διαπαιδαγωγῶν
396 4088 447 4151 ούκ
462 4088 606 4166 ἀμούσοις
621 4085 742 4164 ἡδοναῖς
756 4086 812 4165 τὴν
826 4085 929 4161 πόλιν,
946 4080 1090 4162 ἐξήκοντα
1106 4083 1139 4145 δέ
1152 4079 1282 4164 τριήρεις

132 4189 197 4254 καθ’
212 4190 343 4254 ἔκαστον
358 4191 493 4254 ἐνιαυτὸν
509 4190 677 4268 ἐκπέμπων,
694 4190 727 4254 ἐν
745 4189 793 4255 αῐς
810 4185 923 4252 πολλοὶ
941 4192 1001 4251 τῶν
1021 4189 1155 4250 πολιτθν
1171 4185 1283 4250 ἔπλεον

130 4293 207 4357 άκτὸ
222 4296 317 4374 μῆνας
331 4293 484 4373 ἔμμισθοι,
499 4300 685 4374 μελετῶντες
702 4291 765 4371 άμα
784 4293 833 4357 καὶ
847 4289 1050 4371 μανθάνοντες
1068 4289 1124 4370 τὴν
1141 4289 1283 4370 ναυτικὴν

131 4400 296 4490 ἐμπειρίαν.
339 4403 415 4480 πρὸς
437 4402 471 4464 δὲ
495 4396 610 4466 τὀύτοις
632 4397 753 4480 χιλίους
775 4397 833 4476 μέν
858 4395 998 4460 ἔστειλεν
1021 4395 1065 4461 είς
1088 4393 1281 4476 Χερρόνησον

77 4493 79 4496 ’
131 4501 328 4586 κληρούχους,
354 4503 397 4580 είς
426 4504 459 4566 δέ
485 4499 592 4581 Νάξου
619 4500 844 4578 πεντακοσίους,
870 4500 914 4565 είς
943 4499 976 4562 δέ
999 4493 1130 4579 Ἀνδρον
1158 4494 1285 4577 ἡμίσεις

675 4619 695 4666 P
712 4619 731 4668 2
