3000 5046
182 353 313 419 ιιι-ιου]
440 345 531 403 HER
556 345 712 404 ALLIES
736 345 830 402 AND
858 345 1073 404 COLONIES.
1278 362 1334 424 105

224 551 300 606 100.
321 539 417 606 Paua.
443 563 476 607 v.
507 561 553 607 10.
580 562 620 619 4:
651 539 706 606 'Ev
732 545 764 605 δὲ
787 539 941 625 Ὀλυμπίη
963 541 1061 622 λέβης
1088 544 1253 627 ἐπίχρυσος
1278 544 1329 606 ἐπὶ

180 642 297 731 έκάστιρ
319 651 372 709 τοῦ
394 647 510 728 ὀρόφου
532 646 573 732 τφ
597 644 702 727 πέρατι
727 643 795 732 (τοῦ
818 652 890 711 ναοῦ
912 651 966 711 τοῦ
991 644 1078 735 Διὸς)
1102 647 1256 722 ἐπίκειται,
1282 647 1332 710 καὶ

181 750 262 827 Νίκη
287 753 361 813 κατὰ
379 748 476 829 μέσον
498 748 632 829 μάλιστα
658 749 767 828 ἕστηκε
790 756 844 814 τὸν
866 751 965 828 ἀετόν,
987 752 1150 834 ἐπίχρυσος
1172 749 1221 814 καὶ
1246 751 1329 828 αὕτη·

179 852 240 917 ύπά
253 853 287 917 δέ
303 856 356 932 τῆς
371 855 467 932 Νίκης
482 852 517 917 τδ
537 853 660 935 άγολμο
681 851 775 920 ἀσπὶς
795 854 948 918 ἀνάκειται
969 856 1077 938 χρυσῆ,
1096 855 1260 918 Μέδουσαν
1277 853 1332 932 τὴν

180 957 315 1038 Γοργόνα
331 958 446 1040 ἔχουσα
462 956 710 1040 ἐπειργασμένην.
757 957 792 1022 τὸ
808 959 978 1042 ἐπίγραμμα
999 962 1032 1022 δέ
1054 964 1089 1022 τδ
1104 960 1155 1023 ἐπὶ
1170 960 1207 1042 τῇ
1224 959 1330 1022 ἀσπίδι

179 1060 248 1126 τούς
263 1086 297 1124 τε
316 1062 480 1128 ἀναθέντας
500 1065 589 1140 δηλοῖ
609 1063 659 1125 καὶ
674 1059 740 1125 καθ’
755 1061 861 1140 ἥντινα
876 1062 976 1127 αἰτίαν
990 1063 1147 1128 ἀνέθεσαν·
1171 1060 1256 1143 λέγει
1272 1064 1331 1142 γὰρ

179 1163 216 1243 δη
233 1166 321 1238 οὕτω,

309 1271 392 1334 Νοδς
413 1270 470 1350 μέν
491 1267 607 1349 φιάλαν
629 1267 765 1352 χρυσέαν
787 1269 862 1352 ἔχει,
887 1271 919 1332 ἐκ
942 1272 975 1333 δὲ
996 1268 1155 1354 Τανάγρσς

352 1375 400 1437 τοὶ
423 1375 650 1452 Λακεδαιμονίοι
674 1373 831 1456 συμμαχία
853 1370 880 1437 τ’
902 1372 1010 1439 ἀνέθεν

308 1480 404 1558 δῶρον
427 1473 478 1540 ἀπ’
500 1475 647 1559 Ἀργείων
670 1478 720 1540 καὶ
742 1474 911 1543 Ἀθαναίων
933 1476 982 1541 καί
1004 1476 1123 1554 Ἰάνων,

351 1584 408 1644 τάν
429 1579 556 1645 δεκάταν
578 1582 660 1648 νίκας
683 1583 784 1646 εἵνεκα
806 1587 847 1645 τῶ
871 1583 1005 1662 πολέμω.

177 1681 285 1759 ταύτης
300 1686 353 1762 τῆς
367 1683 466 1767 μάχης
480 1682 598 1764 μνήμην
622 1682 669 1748 καί
692 1687 726 1749 ἐν
747 1683 915 1771 τῇἈτθίδι
936 1686 1128 1765 ἐποιησάμην
1151 1686 1324 1771 συγγραφῇ,

178 1783 216 1848 τά
233 1784 399 1866 Ἀθήνησιν
414 1786 542 1867 ἐπεξιὼν
555 1788 704 1870 μνάματα.

221 1917 289 1971 101.
313 1906 344 1970 Ι.
363 1906 399 1972 G.
420 1909 460 1971 A,
479 1910 520 1976 26
536 1930 557 1973 a
571 1906 615 1994 (p.
635 1907 731 1996 171):

307 2011 419 2095 [Ναίδς
441 2015 497 2093 μέν
518 2013 635 2094 φιάλαν
656 2014 799 2099 χρυσέα]ν
821 2015 895 2098 ἔχει,
918 2016 950 2078 ἐκ
973 2018 1005 2079 δὲ
1027 2013 1196 2099 [Τανάγρας

349 2112 395 2178 τοὶ
417 2117 650 2194 Λακεδαιμόνιοι
673 2117 839 2201 συμ]μοχία
862 2119 888 2182 τ’
911 2119 1029 2202 ἀνίέθεν

306 2223 394 2300 δδρον
415 2218 466 2283 ἀπ’
488 2217 628 2302 Ἀργείου
650 2218 699 2286 καί
722 2221 897 2306 Ἀθοφναίον
916 2219 965 2287 καί
987 2220 1095 2306 [Ἰάνον

349 2322 404 2388 τάν
426 2323 553 2389 δεκάταν
575 2325 659 2392 νίκας
681 2326 791 2411 ‘Mem
814 2332 868 2391 τοῦ
890 2327 1046 2411 ποίλέμον]

346 2811 460 2877 Ιίοουίί
482 2812 521 2898 of
539 2812 671 2879 Κάτλου
692 2814 765 2879 and
788 2812 892 2880 Ττυοο
912 2814 1000 2904 with
1016 2815 1154 2900 spana.

217 2953 291 3008 102.
315 2941 403 3007 Plut.
436 2944 518 3009 θύοι.
549 2958 607 3025 17:
639 2943 695 3006 Ἐν
724 2947 757 3008 δέ
786 2944 882 3030 τούτῳ
912 2951 973 3009 τῶν
1001 2946 1253 3024 Λακεδαιμονίων,
1283 2944 1323 3010 ὡς

174 3046 381 3131 ἐπανήρχοντο
407 3048 551 3130 Δελφοὺς
575 3050 634 3112 ἀπὸ
661 3047 793 3112 Φωκίων
823 3049 1089 3130 ἐλευθερώσοντες,
1119 3051 1153 3111 ἐν
1181 3046 1324 3132 Τανάγρᾳ

174 3153 575 3231 καταστρατοπεδευσάντων
613 3152 770 3230 Ἀθηναῖοι
808 3156 863 3233 μέν
906 3151 1046 3232 ἀπήντων
1082 3153 1324 3235 διαμαχούμενοι,

174 3253 277 3331 Κίμων
299 3257 332 3318 δὲ
353 3252 428 3332 μετά
446 3261 505 3319 τῶν
523 3256 628 3319 ὅπλων
649 3255 721 3333 ἧκεν
744 3256 786 3320 είς
804 3256 860 3334 τὴν
880 3257 970 3319 αὑτοῦ
992 3255 1093 3337 φυλὴν
1114 3255 1170 3334 τὴν
1184 3253 1321 3333 Οίνηίδα,

173 3357 322 3437 πρόθυμος
346 3356 389 3421 ὧν
416 3358 582 3436 ἀμύνεσθαι
609 3357 678 3424 τοὺς
702 3360 953 3439 Λακεδαιμονίους
983 3362 1060 3439 μετά
1086 3365 1147 3422 τῶν
1177 3363 1321 3422 πολιτῶν.

172 3459 190 3539 ἡ
207 3464 240 3526 δέ
254 3462 355 3542 βουλὴ
371 3468 431 3526 τῶν
446 3465 654 3528 πεντακοσίων
675 3462 826 3542 πυθομένη
848 3459 895 3526 καί
919 3467 1109 3543 φοβηθεῖσα,
1124 3468 1182 3527 τῶν
1206 3463 1323 3544 ἐχθρῶν

172 3565 263 3628 αὐτοῦ
278 3567 499 3646 καταβοώντων
515 3567 555 3633 ὣς
570 3565 753 3649 συνταράξαι
768 3566 824 3644 την
840 3566 987 3648 φάλαγγα
1001 3566 1193 3647 βουλομένου
1216 3562 1263 3628 καὶ
1286 3568 1322 3652 τῇ

172 3669 262 3733 πόλει
291 3672 544 3749 Λακεδαιμονίους
574 3672 748 3752 ἐπαγαγεῖν,
774 3670 962 3752 ἀπηγόρευσε
987 3674 1050 3735 τοῖς
1078 3673 1259 3752 στρατηγοῖς
1280 3670 1321 3748 μη

171 3770 315 3854 δέχεσθαι
339 3779 392 3837 τὸν
415 3774 516 3856 ἀνδρα.
561 3776 697 3840 κάκεῖνος
721 3777 777 3852 μὲν
808 3774 906 3857 ᾤχετο
936 3770 1050 3852 δεηθείς
1081 3773 1238 3837 Εὐθίππου
1269 3778 1322 3836 τοῦ

171 3875 398 3957 Ἀναφλυστίου
414 3874 461 3940 καὶ
477 3884 536 3942 τῶν
550 3879 655 3941 ἀλλων
670 3878 803 3961 ἑταίρων,
819 3878 889 3943 ὅσοι
903 3875 1038 3958 μάλιστα
1053 3877 1110 3955 τὴν
1124 3880 1177 3939 τοῦ
1192 3877 1321 3942 λακωνί-

172 3978 233 4057 ζειν
256 3981 355 4043 αίτίον
376 3981 480 4065 ἔσχον,
496 3980 667 4064 ἐρρωμένως
688 3982 897 4063 ἀγωνίσασθαι
919 3987 993 4064 πρὸς
1008 3980 1077 4047 τοὺς
1094 3980 1258 4057 πολεμίους
1274 3976 1322 4044 καί

171 4081 208 4147 δι’
234 4083 331 4166 ἔργων
354 4084 568 4149 ἀπολύσασθαι
592 4085 646 4164 τὴν
668 4086 768 4149 αἰτίαν
786 4092 866 4168 πρὸς
883 4086 953 4152 τοὺς
975 4085 1111 4150 πολίτας.
1157 4085 1187 4147 οἱ
1209 4087 1242 4148 δέ
1265 4093 1321 4147 λο-

169 4186 279 4264 βόντες
293 4187 383 4251 αὐτοῦ
397 4188 453 4267 την
468 4189 640 4253 πανοπλίαν
656 4191 698 4254 είς
714 4196 766 4253 τὸν
783 4191 880 4272 λόχον
893 4190 1008 4254 έθεντο·
1031 4189 1080 4253 καὶ
1093 4186 1159 4269 μετ’
1174 4186 1322 4266 ἀλλήλων

171 4288 337 4357 συστάντες
365 4293 496 4372 ἐκθύμως
524 4295 630 4357 ἑκατὸν
653 4295 739 4360 ὄντες
765 4294 887 4368 έπεσον,
913 4293 1010 4357 πολὺν
1034 4296 1131 4357 αὑτῶν
1154 4293 1250 4357 πόθον
1273 4289 1321 4355 καὶ

168 4393 371 4472 μεταμέλειαν
391 4393 440 4476 ἐφ’
462 4397 508 4463 οἶς
530 4395 700 4484 ᾐτιάθησαν
715 4399 824 4465 ἀδίκως
840 4397 1043 4464 ἀπολιπόντες
1062 4403 1126 4462 τοῖς
1141 4396 1320 4473 Ἀθηναίοις.

169 4496 240 4562 ὅθεν
255 4497 323 4564 ούδέ
338 4497 379 4584 τῷ
389 4499 464 4584 πρὸς
482 4503 607 4582 Κίμωνα
628 4503 709 4588 θνμφ
727 4501 826 4567 πολὺν
839 4502 952 4586 χρόνον
967 4501 1132 4583 ἐνέμειναν,
1148 4503 1185 4564 τά
1199 4498 1264 4580 μέν,
1280 4498 1320 4566 ὧς
