3000 5046
139 366 280 430 ιιι-ιαη
323 315 325 319 ’
453 358 538 416 THE
567 360 778 418 νοεῖτον
801 361 978 419 αααακς.
1230 377 1287 439 341

140 551 242 630 ἠξίουν
257 553 395 636 μετέχειν
415 555 521 631 ταύτης
542 556 594 631 τῆς
615 555 708 632 τιμῆς,
726 556 785 618 εἴτε
802 555 852 617 οὐκ
869 553 971 634 άξίους
987 557 1149 636 κρίναντες,
1165 557 1225 620 εἴτε
1241 558 1290 619 καὶ

141 656 337 723 ἀπιστοῦντες
360 657 475 737 μήποτε
503 658 759 738 συντεθραμμένοι
784 661 935 740 τυραννίδι
961 657 1010 722 καὶ
1035 659 1177 745 μονάρχιρ
1200 685 1289 724 συνε-
1381 667 1385 677 ’

141 759 353 841 στρατευμένοι
369 761 552 841 νεωτερίζειν
569 762 815 843 ἐπιχειρήσωσιν·
852 763 926 841 ὅπερ
942 763 990 827 καὶ
1006 762 1121 843 συνέβη
1137 762 1289 845 γενέσθαι.

140 868 193 926 τοῦ
220 862 277 945 γὰρ
300 864 437 931 Γέλωνος
459 865 602 930 πλείονας
626 872 686 929 τῶν
708 866 821 947 μυρίων
843 868 1164 947 πολιτογραφήσαντος
1187 866 1290 945 ξένους

140 968 354 1048 μισθοφόρους,
382 971 414 1032 ἐκ
436 968 550 1033 τούτων
571 964 805 1047 περιελείποντο
820 969 942 1035 πλείους
967 975 1027 1033 τῶν
1053 971 1290 1052 ἑπτακισχιλίων

141 1069 216 1134 κατά
233 1071 300 1137 τοὺς
315 1071 524 1151 ὑποκειμένους
541 1073 668 1153 καιρούς.
712 1069 783 1158 (73)
801 1072 883 1136 οὗτοι
898 1076 950 1151 τής
966 1075 999 1137 ἐκ
1014 1079 1074 1139 τῶν
1088 1073 1290 1155 άρχαιρεσιῶν

140 1178 225 1254 τιμῆς
252 1177 490 1255 ἀπελαυνόμενοι
518 1181 662 1258 χαλεπιῖς
688 1177 807 1257 ἔφερον,
838 1175 886 1240 καὶ
915 1176 1185 1258 συμφρονήσαντες
1214 1177 1289 1241 άπέ-

141 1303 258 1356 στησαν
276 1286 335 1344 τῶν
350 1280 542 1359 Συρακοσίων
563 1277 611 1343 καὶ
631 1281 683 1357 τῆς
700 1280 817 1346 πόλεως
833 1281 1040 1360 κατελάβοντο
1055 1280 1110 1360 τήν
1130 1306 1163 1347 τε
1178 1281 1290 1364 Ἀχρα-

141 1383 225 1462 δινήν
246 1380 294 1446 καὶ
314 1384 369 1463 τήν
391 1388 506 1463 Νῆσον,
529 1381 705 1464 ἀμφοτέρων
726 1389 786 1448 τῶν
809 1385 910 1447 τόπων
932 1385 1045 1450 τούτων
1067 1386 1198 1467 ἐχόντων
1213 1387 1291 1449 ῖδιον

140 1491 242 1570 τεῖχος
264 1494 362 1554 καλῶς
385 1487 671 1567 κατεσκευασμένον.
715 1483 763 1573 (2)
786 1489 815 1551 οῖ
837 1491 870 1552 δέ
891 1489 1071 1567 Συρακόσιοι
1091 1488 1183 1554 πάλιν
1199 1491 1290 1567 ε’μπε-

141 1591 247 1657 σόντες
266 1593 309 1656 είς
328 1591 461 1675 ταραχὴν
476 1597 511 1655 τδ
531 1591 642 1654 λοιπὸν
662 1594 714 1670 τῆς
737 1591 854 1657 πόλεως
873 1593 1021 1675 κατεῖχον,
1037 1594 1085 1656 καὶ
1099 1598 1134 1656 τδ
1150 1593 1223 1673 πρὸς
1237 1590 1291 1658 τὰς

140 1690 309 1760 Ἐπιπολὰς
332 1696 534 1777 τετραμμένον
558 1694 648 1774 αι’ττῆς
674 1696 872 1776 ἀπετείχισαν
897 1691 946 1758 καὶ
972 1696 1093 1775 πολλὴν
1117 1695 1291 1776 ἀσφάλειαν

140 1801 256 1863 ἑαυτοῖς
280 1799 514 1863 κατεσκεύασαν·
551 1798 636 1864 εὐθὺς
662 1803 719 1881 γὰρ
741 1801 795 1876 τῆς
817 1796 867 1863 ἐπὶ
888 1798 943 1877 τὴν
964 1800 1067 1882 χάραν
1090 1798 1195 1880 ἐξόδου
1221 1800 1290 1865 τοὺς

141 1902 352 1981 ἀφεστηκότας
383 1904 512 1985 εύχεριῖς
538 1902 639 1985 εἶργον
669 1903 719 1966 καὶ
748 1902 825 1985 ταχδ
854 1910 915 1967 τιῖν
942 1903 1118 1982 ἐπιτηδείων
1143 1904 1291 1983 ἐποίησαν

140 2007 274 2087 ἀπορεῖν.
318 2002 366 2092 (3)
389 2008 418 2070 οδ
439 2009 471 2070 δέ
491 2004 572 2082 ξένοι
591 2010 653 2070 τοῖς
668 2008 724 2085 μέν
744 2005 896 2085 πλήθεσιν
912 2008 1069 2071 ἐλείποντο
1083 2013 1143 2071 τῶν
1158 2012 1291 2087 Συρακο-

141 2110 225 2185 σίων,
241 2116 305 2176 ταῖς
325 2113 358 2174 δέ
379 2111 545 2191 ἐμπειρίαις
566 2115 632 2175 ταῖς
652 2108 728 2174 κατά
746 2110 883 2190 πόλεμον
898 2110 978 2174 πολὺ
993 2114 1146 2192 προεῖχον·
1180 2109 1291 2175 διὸκαὶ

140 2213 305 2295 γινομένων
331 2213 407 2278 κατὰ
433 2213 488 2292 τήν
512 2213 606 2279 πόλιν
630 2212 797 2279 ἐπιθέσεων
820 2212 869 2278 καὶ
891 2215 966 2278 κατὰ
987 2213 1073 2295 μέρος
1095 2220 1291 2295 συμπλοκῶν,

140 2322 204 2383 ταῖς
220 2321 277 2395 μὲν
295 2319 408 2401 μάχαις
428 2320 457 2382 οἱ
478 2316 560 2398 ξίνοι
583 2316 770 2396 ἐπροτίραυν,
787 2318 953 2401 εἰργόμενοι
972 2321 1004 2382 δέ
1025 2322 1078 2397 τῆς
1097 2319 1197 2404 χώρας
1213 2318 1291 2381 ἐλεί·

140 2445 234 2484 παντο
249 2426 312 2488 ταῖς
328 2425 530 2503 παρασκευαῖς
546 2419 594 2485 καὶ
614 2423 729 2502 τροφῆς
743 2420 915 2499 ἐσπάνιζον.
961 2421 1010 2486 καί
1026 2425 1063 2484 τὰ
1075 2423 1132 2502 μὲν
1147 2424 1222 2486 κατδ
1237 2421 1292 2502 τήν

142 2525 284 2589 Σικελίαν
300 2527 332 2589 ἐν
346 2525 463 2592 τούτοις
478 2523 524 2605 ἦν.

183 2663 254 2720 147.
275 2651 362 2719 Ιδίκύ.
380 2656 443 2736 76:
478 2657 563 2718 Κατὰ
585 2657 618 2718 δέ
640 2654 697 2733 τὴν
716 2656 856 2719 Σικελίαν
879 2652 938 2739 (ἐπ’
961 2654 1105 2738 ἄρχοντος
1127 2653 1293 2733 Ἀθήνησιν

142 2755 310 2844 Εὐθίππου)
341 2759 520 2840 Συρακόσιοι
550 2761 606 2837 μὲν
636 2763 839 2838 πολεμοῦντες
874 2763 937 2825 τοῖς
970 2759 1161 2838 ιἰφεστηκόσι
1196 2756 1293 2835 ξένοις

141 2868 280 2945 συνεχεῖς
303 2866 482 2943 προσβολὰς
506 2865 662 2926 ἐποιοῦντο
686 2858 722 2949 τῇ
744 2888 777 2926 τε
799 2861 963 2948 Ἀχραδιυῇ
984 2857 1032 2924 καὶ
1054 2884 1090 2948 πρ
1112 2859 1218 2947 Νήσῳ,
1243 2863 1292 2924 καὶ

140 2969 291 3050 ναυμαχίη
305 2971 361 3046 μὲν
375 2967 517 3046 ἐνίκησαν
531 2966 598 3031 τοὺς
614 2965 813 3041 άποστάντας,
827 2966 900 3053 σιῷ
916 2962 942 3029 δ’
954 2965 1006 3029 ούκ
1022 2967 1132 3048 ίσχυον
1147 2968 1292 3044 ἐκβαλεῖν

141 3072 172 3134 ἐκ
193 3075 246 3149 τῆς
267 3072 386 3138 πόλεως
405 3070 455 3134 διὰ
477 3071 532 3149 τὴν
554 3072 721 3152 ὀχυρότητα
741 3075 802 3133 τίδν
823 3069 932 3133 τόπων.
977 3066 1027 3154 (2)
1048 3067 1123 3149 μετὰ
1145 3071 1178 3132 δέ
1200 3073 1292 3132 ταῦτα

139 3173 333 3255 παρατάξεως
352 3174 515 3256 γενομένης
537 3173 587 3239 ἐπὶ
609 3178 662 3254 τῆς
685 3174 792 3258 χώρας,
816 3175 947 3238 καὶτῶν
970 3173 1197 3255 άγωνιζορένων
1223 3174 1292 3252 παρ’

141 3279 323 3358 ἀμφοτέροις
353 3279 485 3355 ἐκθύμως
519 3278 760 3354 κινδυνευόντων,
789 3282 896 3343 πεσεῖν
930 3275 1046 3356 συνέβη
1084 3276 1136 3340 ούκ
1171 3276 1292 3359 ὀλίγους

141 3382 210 3463 παρ’
225 3380 416 3462 ἀμφοτέροις,
435 3384 555 3458 νικήσαι
576 3384 607 3444 δὲ
623 3379 692 3446 τοὺς
711 3381 922 3461 Συρακοσίους.
967 3378 1043 3459 μετὰ
1064 3382 1096 3443 δέ
1117 3381 1172 3458 τήν
1189 3379 1292 3462 μάχην

141 3487 171 3549 οῖ
187 3485 366 3565 Συρακόσιοι
388 3483 456 3550 τοὺς
477 3486 533 3565 μέν
551 3483 736 3560 ἐπιλέκτους,
755 3485 843 3549 ὄντας
865 3481 1054 3563 ἑξακοσίους,
1072 3483 1184 3549 αἰτίους
1205 3507 1291 3564 γενο-

140 3587 247 3669 μένους
277 3591 330 3665 τῆς
365 3588 457 3664 νίκης,
488 3585 708 3666 ἐστεφάνωσαν
738 3587 876 3668 ἆριστεῖα
905 3587 1006 3652 δόντες
1042 3587 1183 3668 ἀργυρίου
1214 3589 1293 3666 μνᾶν

142 3689 268 3776 ἐκάστιρ.

183 3831 256 3884 148.
280 3819 384 3884 Arist.
407 3817 480 3884 Pol.
504 3818 575 3883 viii.
598 3816 660 3907 (v)
682 3817 716 3885 ii.
741 3815 868 3906 (3.)11.
889 3822 1082 3902 130311381
1120 3815 1180 3883 Καὶ
1198 3822 1291 3898 Συρα·

142 3925 256 3989 καύσιοι
270 3921 345 4002 μετὰ
360 3923 398 3988 τά
413 3927 570 4006 τυραννικδ
589 3923 656 3987 τοὺς
675 3922 775 4003 ξένους
794 3919 843 3987 καὶ
858 3919 928 3988 τοὺς
942 3922 1149 4004 μισθοφόρους
1164 3924 1292 3988 πολίτας

141 4028 340 4108 ποιησάμενοι
354 4028 544 4093 ἐστασίασαν
559 4028 608 4091 καὶ
626 4029 670 4094 είς
685 4024 787 4111 μάχην
803 4025 907 4106 ήλθαν.

369 4266 511 4324 Βοπίπαῑ
533 4266 572 4322 of
588 4266 647 4323 the
670 4265 870 4337 Prosperity
892 4265 931 4322 of
949 4263 1066 4334 eioily.

185 4396 283 4460 Diod.
300 4396 346 4458 xi.
363 4397 414 4460 68.
431 4398 461 4458 6.
507 4393 568 4459 See
583 4395 691 4467 above
704 4405 777 4460 144.

185 4498 275 4564 Ιδίά.
293 4513 345 4579 72.
363 4518 390 4562 1.
436 4498 496 4564 See
509 4499 615 4564 above
630 4509 703 4563 146.
