3000 5046
170 358 318 425 mm]
401 353 487 411 THE
509 351 742 410 ATHENJAN
766 351 1088 410 τοντῑοειινσν.
1283 366 1321 428 41

170 542 327 625 ἡμετέραν.
386 543 456 636 (12)
479 550 576 611 καίτοι
599 548 725 615 πλείους
747 574 783 632 γε
810 547 890 628 ἦσαν
916 550 948 611 οῖ
971 546 1134 628 ἐπιμειξίαι
1157 548 1226 612 τότε
1248 547 1323 629 πρὸς

171 648 327 729 ἀλλήλους
348 648 368 730 ἢ
391 657 445 718 νῦν
467 654 555 716 εἰσίν·
585 652 638 734 ὑφ’
661 651 732 732 ἡμῖν
754 655 812 735 γὰρ
835 651 873 731 ἦν
894 652 912 731 ἡ
937 653 1113 717 Μακεδονία
1138 653 1188 717 καί
1210 651 1323 733 φόρους

170 750 244 832 ἡμῖν
264 754 384 836 ἔφερον,
400 756 447 819 καὶ
469 760 533 823 τοῖς
553 758 707 839 ἐμπορίοις
729 759 796 821 τότε
816 760 938 837 μάλλον
960 754 979 835 ἦ
1000 760 1053 822 νῦν
1070 756 1156 835 ἡμεῖς
1175 760 1239 822 τοῖς
1261 757 1325 820 ἐκεῖ

151 857 304 951 ,κάκεῖνοι
334 864 397 927 τοῖς
426 859 495 942 παρ’
521 859 593 941 ἡμῖν
619 862 762 943 ἐχρῶντο,
789 861 838 924 καὶ
865 859 1023 942 ἐμπορικαὶ
1048 862 1127 924 δίκαι
1154 859 1207 922 οὑκ
1235 858 1323 938 ἦσαν,

171 960 276 1042 ὥσπερ
291 966 352 1042 νῦν,
362 964 508 1044 ἀκριβεῖς,
519 966 550 1028 οῖ
567 963 641 1028 κατά
655 967 744 1044 μῆνα,
756 968 899 1029 ποιοῦσαι
913 968 1006 1045 μηδὲν
1021 967 1141 1028 δεῖσθαι
1156 964 1324 1044 συμβόλων

169 1063 241 1130 τοὺς
255 1071 401 1130 τοσοῦτον
412 1066 559 1146 ἀλλήλων
570 1067 747 1151 ἀπέχοντας.
778 1065 849 1153 (13)
872 1067 941 1131 ἀλλ’
959 1069 1038 1148 ὅμως
1053 1067 1173 1134 οὑδενδς
1189 1066 1324 1130 τοιούτου

171 1167 259 1235 ὄντος
273 1171 351 1247 τότε,
367 1171 420 1234 οὑκ
431 1171 602 1238 ἐλυσιτέλει
618 1172 763 1252 σύμβολα
778 1170 994 1252 ποιησαμένοις
1009 1170 1069 1235 οὔτ’
1085 1173 1118 1234 ἐκ
1136 1172 1324 1237 Μακεδονίας

171 1276 261 1336 πλεῖν
282 1272 430 1354 Ἀθήναζε
453 1277 538 1342 δίκας
559 1274 754 1357 ληψομένοις,
776 1274 839 1339 οὔθ’
863 1274 935 1354 ἡμῖν
961 1277 1004 1342 εῖς
1026 1276 1230 1351 Μακεδονίαν,
1252 1273 1323 1338 ἀλλ’

169 1373 256 1452 ἡμεῖς
272 1402 305 1443 τε
320 1382 383 1445 τοῖς
397 1380 461 1445 ἐκεῖ
475 1381 611 1459 νομίμοις
632 1381 741 1445 ἐκεῖνοί
755 1405 788 1444 τε
809 1383 873 1446 τοῖς
893 1378 961 1460 παρ’
976 1378 1048 1460 ἡμῖν
1061 1379 1116 1445 τὰς
1131 1380 1215 1444 δίκας
1230 1377 1324 1459 ἐλάμ-

169 1485 278 1559 βανον·
300 1482 341 1562 μὴ
357 1482 410 1546 οὑν
425 1484 562 1567 ἀγνοεῖτε
576 1485 623 1548 ὅτι
639 1481 676 1548 τά
690 1485 835 1564 σύμβολα
850 1487 943 1548 ταῦτα
957 1483 1091 1566 γίγνεται
1112 1484 1156 1549 εἰς
1170 1483 1325 1565 ὑποδοχὴν

171 1586 223 1644 τοῦ
237 1585 304 1663 μηδ’
321 1586 558 1669 ἀμφισβητῆσαι
573 1587 707 1670 εὐλόγως
722 1590 796 1668 ὑμᾶς
813 1587 857 1652 ἐπι
873 1588 1063 1653 Ποτειδαίας.

214 1713 286 1771 187.
301 1706 404 1773 Arist.
415 1706 486 1773 Pol.
502 1707 549 1772 iii.
560 1707 582 1771 i.
596 1705 653 1796 (1).
666 1728 696 1794 3,
714 1724 795 1792 1275
809 1729 831 1772 υ.
847 1706 883 1770 8:
908 1707 980 1772 Οὐδ’
994 1709 1023 1771 οῖ
1038 1713 1099 1774 τῶν
1114 1708 1238 1772 δικαίων
1251 1732 1323 1787 μετ-

171 1806 294 1890 έχοντες
310 1813 403 1879 οὑτως
419 1814 498 1878 ὥστε
514 1811 563 1876 καὶ
578 1814 663 1893 δίκην
677 1814 804 1897 ὑπέχειν
818 1809 868 1876 καὶ
884 1810 1057 1889 δικάζεσθαι
1068 1810 1208 1895 (πολῖταί
1222 1808 1325 1899 είσιν)·

170 1917 259 1976 τοῦτο
282 1915 340 1997 γὰρ
363 1915 492 2000 ὑπάρχει
519 1919 568 1982 καὶ
593 1923 657 1984 τοῖς
681 1917 742 1982 ἀπδ
769 1917 935 1999 συμβόλων
958 1919 1163 1981 κοινωνοῦσιν·
1195 1913 1325 1999 καὶγὰρ

171 2021 263 2080 ταῦτα
279 2020 395 2119 τούτοις
409 2022 548 2104 ὑπάρχει.

216 2149 288 2203 188.
310 2139 364 2205 Id.
380 2139 477 2226 Καρ.
495 2139 572 2206 Αιλ.
588 2156 640 2225 59·
658 2143 687 2205 ό.

215 2269 288 2324 189.
312 2260 490 2348 Ηαιροοτ.;
523 2262 682 2345 Σύμβολα·
714 2261 768 2329 τάς
795 2261 954 2342 συνθήκας,
980 2261 1017 2329 ἀς
1046 2260 1084 2327 ἀν
1110 2259 1263 2340 ἀλλήλοις
1293 2262 1325 2323 οῖ

171 2363 277 2432 πόλεις
299 2367 421 2447 θέμενοι
443 2367 574 2431 τόποισι
596 2373 659 2434 τοῖς
682 2367 822 2434 πολίταις
844 2369 924 2431 ὥστε
948 2369 1062 2431 διδόναι
1085 2363 1134 2429 καῖ
1155 2363 1326 2444 λαμβάνειν

170 2469 209 2529 τὰ
231 2470 340 2533 δίκαια.

216 2597 290 2654 190.
312 2588 475 2678 Hesyeh.:
498 2591 577 2656 Ἀπδ
593 2592 761 2672 συμβόλων
779 2590 919 2668 δικάζειν·
942 2590 1077 2669 ἐδίκαζον
1090 2588 1247 2668 Ἀθηναῖοι
1265 2589 1325 2653 ἀπὸ

172 2694 339 2772 συμβόλων
354 2701 415 2764 τοῖς
431 2697 583 2777 ὑπηκόοις.
630 2698 680 2760 καὶ
696 2701 782 2759 τοῦτο
799 2694 835 2774 ἦν
851 2695 998 2777 χαλεπόν.

215 2824 282 2879 191.
305 2814 427 2880 Pollux
450 2815 521 2881 viii.
541 2817 600 2900 63:
631 2814 710 2879 Ἀπά
737 2816 904 2895 συμβόλων
927 2816 960 2880 δέ
985 2811 1078 2898 (δίκαι
1103 2814 1196 2902 ἦσαν)
1221 2814 1271 2878 ότε
1297 2816 1326 2878 ol

173 2917 327 3002 σύμμαχοι
343 2919 525 2998 ἐδικάζοντο.

216 3049 287 3105 192.
308 3038 454 3118 Bekker,
477 3039 602 3105 Λαοοιί.
630 3038 687 3104 Gr.
709 3038 773 3104 vol.
796 3038 817 3103 i.
837 3060 869 3125 p.
881 3040 956 3125 436.
981 3056 1016 3101 1:
1050 3038 1127 3102 Ἀπὸ
1158 3036 1325 3119 συμβόλων

172 3142 300 3223 δικάζεις
333 3141 488 3222 Ἀθηναῖοι
514 3144 574 3208 ἀπὸ
600 3143 770 3227 συμβόλων
794 3144 929 3222 ἐδίκαζον
952 3147 1015 3209 τοῖς
1040 3141 1192 3223 ὑπηκόοις.
1232 3143 1326 3208 ούτως

171 3247 397 3328 Ἀριστοτέλης.

215 3378 288 3434 199.
305 3367 444 3455 Antiph.
458 3390 490 3432 v.
502 3368 542 3435 (le
554 3368 650 3433 θανά.
663 3366 703 3432 H
701 3389 745 3432 er.
760 3367 818 3448 78:
842 3367 983 3449 Ἑτέρους
999 3369 1057 3450 όρῶ
1070 3365 1138 3434 τοὺς
1148 3369 1205 3447 μέν
1217 3366 1259 3431 είς
1271 3364 1326 3444 τὴν

171 3470 294 3554 ἤπειρον
310 3470 409 3540 ίόντας
422 3472 533 3557 (τοὺς)
545 3472 598 3538 δὲ1
610 3475 765 3538 οἰκοῦντος
780 3473 887 3538 ἐντοῖς
901 3472 1058 3550 πολεμίοις
1075 3475 1138 3537 τοῖς
1150 3468 1325 3551 ὑμετέροις2

172 3578 222 3640 καὶ
237 3578 321 3644 δίκας
337 3576 397 3641 ἀπὸ
412 3575 576 3658 ξυμβόλων
590 3579 659 3658 ὑμῖν
677 3574 895 3656 δικαζομένους.

173 3796 269 3864 Οαςον
283 3797 323 3883 of
335 3799 509 3863 Contracta
523 3797 623 3864 πιαάο
637 3796 767 3863 οιιίςίάο
783 3795 909 3861 Athens
924 3793 1063 3861 between
1082 3815 1132 3860 οτι
1146 3792 1325 3859 Athenian

316 3902 390 3968 οτιά
404 3923 427 3967 ο
434 3901 610 3988 Ῐονοίηιιατ
618 3924 631 3981 ;
651 3901 788 3967 demded
800 3905 837 3966 at
851 3899 953 3965 Ρίαοο
967 3897 1006 3984 of
1017 3899 1185 3964 θοπίταοί.

216 4038 340 4132 [Dem.]
357 4041 397 4108 de
411 4040 566 4108 Ηαίοιιιι.
589 4062 638 4127 13.
685 4039 745 4104 See
760 4038 867 4104 above
882 4049 955 4103 186.

215 4157 288 4213 194.
313 4143 442 4238 [Dem.]
455 4166 497 4233 32
513 4150 617 4211 contr.
635 4141 767 4208 Ζοποίίι.
787 4143 844 4206 18:
869 4139 956 4207 Μετά
976 4147 1069 4206 ταῦτα
1089 4140 1288 4221 προύκαλεῖτο
1308 4144 1324 4206 ὁ

173 4255 296 4333 Πρῶτος
311 4252 402 4316 αὑτὸν
417 4250 466 4316 καί
481 4251 567 4332 ἡμεῖς
581 4250 633 4313 ἐπὶ
655 4248 708 4328 τὴν
724 4247 821 4331 ἀρχὴν
840 4246 895 4327 τὴν
909 4253 970 4312 τῶν
983 4245 1185 4327 Συρακοσίων,
1201 4245 1256 4310 κάν
1269 4249 1325 4328 μὲν

205 4428 213 4458 ¹
232 4427 311 4480 δόντας
321 4428 362 4479 ιιιιῖ
372 4429 499 4480 οίιιοῖιντας
508 4435 571 4482 codd.

204 4507 214 4536 ²
230 4507 360 4573 ὑμετέροις,
368 4506 426 4559 τοδς
436 4506 462 4558 δῖ
473 4506 514 4557 m)
525 4508 629 4573 Reisko,
637 4506 694 4558 τοὺς
702 4506 727 4558 δέ
741 4506 765 4558 ἐς
774 4504 846 4556 πόλιν
856 4503 993 4569 ξνμμιιχίδα
1001 4501 1175 4566 διοκιζορίνους
1185 4503 1324 4553 Fraonkol.
