3000 5046
185 385 298 451 'lo-86]
604 377 936 437 BIOGRAPHICAL.
1280 379 1339 456 267

230 584 284 638 82.
308 571 395 637 Plut.
418 571 494 636 Per.
518 590 558 653 7:
589 569 652 637 Ὧν
679 572 731 637 ἐνα
758 570 836 653 φασί
862 573 1006 654 γενέσθαι
1029 578 1082 637 τὸν
1103 571 1283 653 Ἐφιάλτην,
1305 572 1339 640 δς

185 676 334 742 κατέλυσε
356 677 392 740 τδ
418 676 525 759 κράτος
546 679 599 755 τῆς
615 674 650 755 ἐξ
662 676 779 759 Ἀρείου
795 675 894 759 πάγου
909 679 1033 757 βουλῆς,
1049 675 1179 754 πολλήν,
1197 680 1271 741 κατὰ
1286 676 1340 741 τὸν

184 780 347 856 Πλάτωνα,
365 778 413 845 καί
436 780 565 860 ἄκρατον
586 785 651 847 τοῖς
673 783 813 847 πολίταις
838 781 1011 862 ἐλευθερίαν
1033 784 1190 864 οἰνοχοῶν,
1214 779 1266 862 ὑφ’
1292 780 1339 860 ἥς,

83 888 87 895 “
185 885 289 966 ὥσπερ
318 885 421 962 ἵππον,
452 881 654 961 ἐξυβρίσαντα
688 885 742 949 τὸν
778 885 872 963 δῆμον
909 885 940 948 οί
978 880 1183 969 κωμῳδοποιοὶ
1210 883 1338 965 λέγουσι

186 990 361 1068 πειθαρχεῖν
376 986 473 1052 οὐκέτι
488 990 613 1066 τολμῖιν,
629 987 712 1051 άλλὰ
727 987 846 1053 δάκνειν
861 987 916 1068 τὴν
934 987 1070 1068 Εὔβοιαν
1085 984 1134 1051 καί
1151 992 1217 1054 ταῖς
1232 986 1339 1066 νήσοις

188 1091 347 1168 ἐπιπηδᾶν.

231 1240 282 1294 83.
307 1229 392 1294 Ρλαῖ.
408 1228 504 1314 Βουρ.
520 1227 588 1293 viii.
601 1230 666 1310 562
679 1227 726 1295 O:
745 1227 853 1313 Ὅταν,
865 1231 956 1313 οἶμαι,
972 1230 1231 1312 δημοκρατουμένη
1247 1231 1337 1299 πόλις

187 1334 355 1413 ἐλευθερίας
386 1332 547 1414 διψήσασα
582 1339 680 1398 κακῶν
713 1335 861 1417 οἰνοχόων
894 1334 1143 1416 προστατούντων
1172 1336 1258 1421 τύχη,
1289 1332 1337 1398 καὶ

186 1436 362 1519 πορρωτέρω
376 1442 429 1501 τοῦ
445 1435 565 1503 δέοντος
581 1437 709 1517 άκράτου
723 1437 814 1517 αὐτῆς
827 1439 972 1525 μεθυσθῇ,
987 1439 1058 1505 τοὺς
1075 1439 1224 1521 ἄρχοντας
1239 1435 1284 1516 δή,
1299 1436 1338 1503 ἂν

185 1540 324 1622 μήπάνυ
346 1545 437 1621 πρᾶοι
459 1537 518 1604 ὦσι
539 1538 588 1605 καὶ
608 1540 730 1619 πολλὴν
750 1541 909 1623 παρέχωσι
928 1543 984 1623 τὴν
1007 1543 1191 1624 ἐλευθερίαν,
1217 1540 1335 1620 κολάζει

186 1644 345 1721 αίτιωμένη
361 1644 400 1710 ὧς
414 1645 538 1726 μιαρούς
553 1671 586 1708 τε
602 1641 651 1708 καί
666 1646 887 1727 ὀλιγαρχικούς.

230 1792 284 1846 84.
311 1775 444 1870 [Arist]
461 1778 557 1866 Hesp.
574 1779 654 1848 Am.
672 1780 722 1849 28.

678 2166 844 2225 Perikles.

437 2326 565 2415 Οτῖρῖιι
586 2328 659 2394 and
681 2327 845 2394 Ροτοοπαί
867 2348 1087 2414 appearance.

230 2494 284 2548 85.
308 2483 342 2548 O.
359 2483 389 2548 Ι.
407 2483 449 2547 A.
465 2484 486 2547 i.
505 2485 566 2548 188
582 2506 630 2548 vs·
648 2500 688 2568 7:
711 2481 782 2548 Ἐπὶ
798 2492 847 2551 τὲς
866 2482 1005 2550 Οἰνείδας
1027 2486 1124 2566 τρίτες
1147 2482 1336 2572 πρυταιήεήυ·

185 2587 256 2654 όσες
280 2597 288 2664 ξ
312 2590 564 2672 Ἑλλενοταμίαις
594 2590 742 2672 παρεδόθε
766 2593 773 2660 Ξ
797 2592 944 2671 Περικλεῖ
966 2592 1122 2672 Χολαργεῖ
1148 2585 1196 2652 καὶ
1227 2590 1337 2671 συνάρ-

185 2716 277 2772 χοσιν
293 2699 300 2766 ξ
314 2689 427 2759 ἵπποις
443 2698 528 2759 σῖτος
543 2694 628 2757 ἐδόθε
645 2697 653 2764 Ξ
670 2689 945 2756 ΤΤΠΗΗΗΗΔΔ
963 2740 971 2757 .
988 2740 995 2756 .
1012 2737 1045 2757 ..

230 2856 285 2909 86.
308 2845 394 2911 Plut.
404 2845 531 2931 Per.3:
554 2848 706 2929 Περικλῆς
722 2843 779 2929 γὰρ
795 2844 831 2926 ἦν
843 2851 902 2909 τῶυ
917 2844 974 2926 μὲν
989 2850 1095 2926 φυλῶν
1110 2841 1335 2925 Ἀκαμαντίδης,

184 2954 244 3013 τῶν
271 2952 303 3013 δὲ
329 2948 431 3029 δήμων
455 2951 642 3033 Χολαργεύς,
669 2951 751 3014 οίκου
774 2952 807 3015 δέ
834 2946 884 3013 καὶ
913 2948 1018 3033 γένους
1047 2954 1099 3013 τοῦ
1129 2949 1248 3029 πράτου
1273 2950 1336 3016 κατ’

185 3052 381 3137 ἀμφοτέρους.
416 3052 593 3121 Ξάνθιππος
616 3055 674 3136 γάρ
695 3055 711 3116 δ
733 3051 858 3132 νικήσας
881 3053 914 3118 ἐν
937 3049 1067 3136 Μυκάλῃ
1090 3051 1158 3118 τοὺς
1179 3052 1337 3133 βασιλέως

186 3156 371 3238 στρατηγοὺς
399 3159 509 3239 ἔγημεν
541 3157 724 3240 Ἀγαρίστην
754 3155 955 3222 Κλεισθένους
982 3156 1117 3237 ἔγγονον,
1144 3154 1178 3222 δς
1203 3155 1337 3236 ἐξήλασε

186 3260 442 3342 Πεισιστρατίδας
466 3257 515 3323 καὶ
542 3259 690 3324 κατέλυσε
712 3259 767 3339 τὴν
796 3260 955 3341 τυραννίδα
983 3259 1126 3342 γενναίως
1156 3261 1204 3325 καὶ
1228 3262 1337 3341 νόμους

185 3364 271 3426 ἔθετο
294 3361 342 3426 καὶ
363 3364 519 3427 πολιτείαν
534 3361 645 3444 άριστα
669 3362 850 3444 κεκραμένην
869 3362 943 3444 πρὸς
967 3363 1110 3443 ὁμόνοιαν
1125 3365 1171 3426 καὶ
1187 3364 1337 3445 σωτηρίαν

185 3465 381 3543 κατέστησεν.
425 3468 498 3545 αὕτη
524 3466 598 3529 κατὰ
621 3465 691 3531 τοὺς
710 3467 821 3532 θπνους
845 3465 931 3546 ἔδοξε
952 3471 1048 3530 τεκεῖν
1069 3465 1185 3543 λέοντα,
1202 3469 1250 3532 καὶ
1270 3467 1336 3547 μεθ’

184 3566 296 3647 ἡμέρας
321 3569 427 3650 ὀλίγας
451 3569 533 3632 ἔτεκε
551 3567 713 3650 Περικλέα,
732 3571 770 3632 τὰ
789 3570 846 3648 μέν
860 3569 944 3632 ἄλλα
959 3569 1015 3647 τὴν
1031 3569 1113 3634 ἰδέαν
1130 3573 1182 3632 τοῦ
1198 3571 1336 3649 σώματος

184 3671 348 3750 ἄμεμπτον,
363 3670 499 3752 προμήκη
523 3676 555 3738 δὲ
577 3673 632 3751 τὴν
655 3670 795 3753 κεφαλὴν
817 3672 866 3734 καὶ
889 3671 1088 3753 ἀσύμμετρον.
1134 3673 1206 3736 ὅθεν
1228 3675 1260 3737 αἱ
1281 3675 1337 3754 μέν

184 3776 297 3842 είκόνες
319 3775 410 3838 αὐτοῦ
436 3780 548 3858 σχεδὸν
572 3773 836 3858 άπασαικράνεσι
858 3763 1060 3860 περιέχονται,
1074 3774 1115 3856 μὴ
1129 3774 1337 3857 βουλομένων,

184 3877 223 3943 ὣς
240 3879 329 3957 ἔοικε,
346 3885 405 3942 τῶν
420 3885 565 3962 τεχνιτιῖν
589 3878 787 3958 ἐξονειδίζειν.
834 3879 864 3942 οί
887 3878 912 3943 δ’
933 3878 1066 3942 Ἀττικοὶ
1087 3880 1209 3956 ποιηταὶ
1232 3905 1337 3964 σχινο·

183 3981 320 4063 κέφαλον
349 3983 438 4046 αὐτὸν
467 3982 604 4048 ἐκάλουν·
643 3983 698 4061 τήν
726 3981 784 4065 γάρ
810 3983 942 4047 σκίλλαν
965 3982 1051 4046 ἐστιν
1075 3984 1126 4047 ὅτε
1154 3980 1203 4046 καὶ
1228 3987 1337 4067 σχῖνον

183 4087 373 4167 ὀνομάζουσι.
404 4094 465 4151 τῶν
477 4090 509 4152 δέ
521 4093 657 4165 κωμικῶν
668 4089 685 4150 ὁ
695 4089 751 4168 μὲν
763 4091 908 4171 Κρατῖνος
924 4087 957 4150 ἐν
969 4087 1111 4168 Χείρωσι·
1147 4092 1164 4120 “
1175 4087 1288 4155 Στάσις
1303 4091 1336 4155 δέ

184 4187 291 4275 (φησὶ)
309 4187 357 4253 καὶ
373 4190 584 4273 πρεσβυγενὴς
600 4191 713 4272 Κρόνος
725 4190 891 4270 άλλήλοισι
905 4189 1026 4272 μιγέντε
1041 4189 1188 4272 μέγιστον
1202 4191 1337 4256 τίκτετον

183 4293 335 4372 τύραννον,
348 4290 383 4356 δν
394 4294 429 4372 δὴ
443 4294 689 4377 κεφαληγερέταν
700 4294 764 4358 θεοὶ
776 4291 947 4357 καλέουσι·”
979 4295 1029 4358 καὶ
1040 4293 1136 4358 πάλιν
1148 4294 1179 4358 ἐν
1191 4293 1336 4374 Νεμέσει·

184 4403 201 4430 “
215 4396 307 4470 Μόλ’,
322 4393 345 4458 ὦ
363 4400 422 4459 Ζεῦ
438 4395 517 4475 ξένιε
532 4399 581 4461 καὶ
597 4394 728 4477 καραιέ.”
774 4397 976 4476 Τηλεκλείδης
992 4401 1025 4463 δὲ
1040 4401 1115 4464 ποτὲ
1130 4400 1186 4476 μὲν
1199 4398 1258 4463 ὑπὸ
1276 4402 1337 4463 τιῖν

184 4497 368 4582 πραγμάτων
382 4498 571 4580 ἠπορημένον
586 4501 737 4580 καθῆσθαί
750 4507 846 4581 φησιν
861 4499 953 4564 αὐτὸν
968 4502 1001 4565 ἐν
1016 4500 1054 4588 τῇ
1066 4503 1158 4567 πόλει
1172 4506 1189 4535 “
1199 4507 1334 4584 καρηβα-
