3000 5046
164 385 309 451 153465]
414 376 507 435 HER
533 376 690 435 ALLIES
714 375 808 434 AND
836 374 1054 435 COLONIES.
1261 388 1320 450 123

209 583 281 638 155.
306 571 443 638 Suidas:
470 574 575 654 Κίμων
589 622 597 639 .
614 619 622 636 .
640 620 647 635 .
664 576 696 638 έν
715 571 808 657 Κιτίιρ
824 575 858 637 δὲ
873 573 927 650 τῆς
943 572 1065 652 Κύπρου
1079 572 1214 656 τελευτᾷ.

208 711 281 766 156.
304 700 451 767 Ατίςδοᾶ.
467 701 540 766 xiii.
555 697 605 785 (F.
622 699 666 765 Η.
685 699 722 765 G.
738 721 770 763 v.
786 721 819 785 p.
842 696 914 790 15):
938 699 1035 767 Εύθῦς
1050 699 1253 781 ἐστράτευσαν
1268 699 1319 765 έπλ

165 807 296 888 Κύπρον,
306 810 543 890 στρατηγοῦντος
559 807 656 870 αὐτῶν
671 805 808 884 Κίμωνος
823 809 876 868 τοῦ
892 803 1070 868 Μιλτιάδου.
1101 806 1230 868 ἐνταῦθα
1241 804 1319 889 λιμφ

165 909 403 992 συνεσχέθησαν,
433 908 482 975 καὶ
511 910 615 990 Κίμων
645 906 781 988 νοσήσας
810 910 844 972 έν
872 907 966 993 Κιτίῳ
993 908 1083 973 πόλει
1113 911 1166 986 τῆς
1198 907 1319 988 Κύπρου

163 1016 299 1098 τελευτᾷ.
344 1015 374 1078 οί
389 1016 422 1078 δὲ
439 1013 557 1095 Πέρσαι
572 1015 697 1096 ὁρῶντες
712 1010 934 1092 κεκακωμένους
948 1012 1017 1079 τοῦς
1033 1011 1218 1092 Ἀθηναίους,
1234 1037 1318 1093 περι-

164 1117 373 1200 φρονήοαντες
404 1118 501 1183 αύτῦν
527 1120 662 1196 ἐπῆλθον
688 1121 753 1184 ταῖς
779 1116 895 1188 ναυσίν,
920 1116 970 1180 καὶ
997 1116 1079 1199 όγὼν
1104 1116 1221 1197 γίνεται
1244 1113 1318 1179 κατὰ

165 1221 326 1297 θάλατταν,
353 1224 386 1286 έν
412 1218 435 1310 φ
458 1228 583 1287 νικῶσιν
608 1219 773 1301 Ἀθηναῖοι.
819 1216 867 1307 (2)
901 1216 950 1284 καί
974 1224 1144 1304 στρατηγὸν
1168 1221 1319 1300 αἱροῦνται

165 1326 304 1389 Καλλίαν
327 1325 380 1390 τδυ
400 1326 528 1405 ἐπίκλην
542 1325 788 1403 Λακκόπλουτον,
804 1320 871 1389 έπεί
887 1322 1038 1404 θησαυρὸν
1052 1324 1146 1406 εύριδν
1161 1325 1194 1387 έν
1210 1326 1318 1405 Μαρα-

165 1433 238 1494 θῶνι
253 1430 436 1507 ἀνελόμενος
450 1431 540 1496 αύτδν
554 1429 749 1508 έπλούτησεν.

207 1569 277 1626 157.
299 1558 400 1625 Ιαουτ.
431 1558 450 1621 8
479 1558 520 1624 de
546 1557 626 1624 Pac.
654 1559 715 1624 86:
754 1554 830 1641 Περὶ
857 1557 890 1622 δὲ
915 1557 1037 1638 Κύπρον
1061 1553 1246 1635 πεντήκοντα
1270 1552 1319 1621 καί

165 1664 271 1729 ἑκατόν
286 1660 428 1750 (τριήρεις
444 1663 544 1730 αὐτοῖς
560 1668 623 1730 τοῖς
639 1663 821 1744 πληρώμασι
836 1655 1069 1748 διεφθάρησαν).

208 1804 281 1858 158.
303 1791 432 1856 Aelian.
452 1791 489 1856 V.
505 1791 550 1856 H.
566 1813 598 1855 v.
618 1809 674 1856 10:
698 1789 816 1870 Νηίτην
837 1791 951 1854 στόλου
971 1789 1126 1867 Ἀθηναῖοι
1147 1787 1319 1873 εἰργάζοντο

166 1900 281 1963 ἑαυτοῖς
305 1895 352 1961 άεί
376 1896 564 1979 φιλοπόνως.
611 1898 687 1959 κατὰ
706 1895 834 1978 χρόνους
857 1896 891 1958 δὲ
911 1893 949 1958 τὰ
966 1895 1023 1973 μὲν
1044 1896 1265 1975 κατορθοῦντες,
1281 1895 1320 1956 τὰ

165 2003 197 2064 δὲ
212 1999 376 2082 ἡττώμενοι
397 2001 563 2064 άπιύλεσαν
577 1996 706 2082 τριήρεις
723 2002 780 2080 μέν
796 2000 830 2064 έν
844 1997 986 2083 Αίγύπτιρ
1002 1998 1158 2063 διακοσίας
1180 1996 1237 2060 σὺν
1255 1999 1319 2063 τοῖς

166 2105 357 2185 πληρύμασι·
380 2101 448 2186 περὶ
465 2104 587 2187 Κύπρον
602 2106 634 2168 δὲ
648 2101 835 2182 πεντήκοντα
854 2100 903 2166 καὶ
919 2103 1037 2166 ἑκατόν.

563 2264 693 2331 Βυτῦαθ
715 2263 755 2351 os
771 2264 915 2331 Κόπτου.

210 2407 282 2462 159.
306 2396 394 2461 Plut.
410 2396 496 2462 Oim.
516 2415 572 2478 19:
591 2397 664 2461 Ὀτι
678 2399 734 2476 μέν
750 2394 801 2460 οῦν
821 2397 865 2461 είς
887 2395 943 2474 τήν
967 2393 1107 2474 Ἀττικήν
1130 2394 1319 2474 ἀπεκομίσθη

165 2502 202 2565 τὰ
217 2504 353 2584 λείψανα
374 2502 474 2580 αὐτοῦ,
489 2505 633 2583 μαρτυρεῖ
652 2505 713 2564 τῶν
735 2497 897 2580 μνημάτων
916 2504 954 2562 τὰ
976 2498 1067 2582 μέχρι
1091 2501 1145 2562 νῦν
1168 2498 1320 2578 Κιμιύνεια

166 2605 460 2688 προσαγορευόμενα·
493 2612 604 2686 τιμῶσι
625 2607 658 2668 δὲ
679 2601 728 2668 καὶ
750 2607 863 2669 Κιτιεῖς
886 2602 984 2682 τάφον
1008 2605 1076 2668 τινά
1106 2602 1251 2682 Κίμωνος,
1279 2601 1319 2668 ὡς

165 2708 379 2792 Ναυσικράτης
407 2711 423 2773 ό
444 2707 543 2791 ῥήτωρ
569 2708 675 2791 φησίν,
699 2709 733 2774 έν
758 2709 855 2792 λοιμῷ
881 2707 930 2770 καὶ
956 2710 1013 2790 γῆς
1039 2707 1152 2791 άφορίρ
1173 2711 1226 2769 τοῦ
1250 2709 1319 2769 θεοῦ

165 2811 392 2894 προστάξαντος
409 2813 510 2879 αὐτοῖς
520 2813 561 2894 μή
575 2814 699 2894 άμελεῖν
711 2813 858 2894 Κίμωνος,
867 2807 938 2875 ἀλλ’
950 2811 989 2877 ὣς
1001 2811 1155 2893 κρείττονα
1168 2808 1319 2892 σέβεσθαι

166 2914 213 2980 καί
229 2919 386 2998 γεραίρειν.
431 2920 565 2984 τοιοῦτος
578 2919 636 2998 μὲν
651 2918 667 2980 ό
681 2913 864 2995 Ἐλληνικὸς
879 2914 1009 2999 ήγεμόν.

208 3019 260 3086 Cf.
277 3018 407 3099 SuidaS,
423 3023 574 3103 Κιμύνεια
590 3022 733 3104 λείψανα.

509 3226 581 3284 'rho
607 3223 736 3284 ‘Posce
759 3225 799 3282 or
817 3226 970 3285 Kallim’

278 3345 415 3431 Αἰίορεθ
437 3344 638 3412 Κίοιοιυίαιι
658 3345 763 3412 Ρααυα
784 3345 874 3433 aster
896 3345 947 3412 the
968 3345 1079 3412 Ratae
1100 3342 1139 3430 os
1156 3344 1208 3410 the

622 3450 853 3537 Ευτγοιαθοα.

210 3590 284 3646 160.
309 3579 397 3644 Plut.
409 3579 494 3646 Cim.
508 3599 565 3666 13:
587 3585 684 3645 Τοῦτο
699 3581 733 3643 τὸ
753 3580 842 3664 ἔργον
857 3577 905 3666 (τὸ
920 3577 967 3643 ἐπ’
983 3577 1181 3661 Εὐρυμέδοντι
1197 3579 1321 3663 ποταμῷ

165 3682 342 3778 γενόμενον)
372 3686 464 3752 ούτως
495 3685 680 3750 έταπείνωσε
710 3684 765 3764 τήν
793 3684 916 3768 γνόμην
951 3688 1004 3748 τοῦ
1039 3681 1208 3765 βασιλέως,
1238 3683 1318 3746 ὥστε

166 3789 332 3854 συνθέσθαι
353 3789 408 3868 τήν
422 3792 605 3870 περιβόητον
621 3787 741 3869 εἰρήνην
755 3789 883 3867 έκείνην,
898 3789 993 3852 ίππου
1006 3790 1062 3869 μέν
1076 3787 1187 3869 δρόμον
1203 3784 1250 3850 άεί
1264 3789 1317 3865 τῆς

163 3890 347 3972 Ἑλληνικῆς
374 3892 501 3978 άπέχειν
524 3894 694 3973 θαλάσσης,
718 3893 805 3959 ἔνδον
831 3896 865 3959 δέ
889 3893 1030 3958 Κυανέων
1056 3892 1105 3956 καὶ
1131 3890 1318 3956 Χελιδονίων

164 3995 263 4082 μακρή
278 3997 328 4077 νηὶ
343 3995 391 4061 καί
405 3998 612 4082 χαλκεμβόλιρ
626 3998 667 4077 μή
684 3998 799 4063 πλέειν.
846 3998 943 4062 καίτοι
960 3994 1172 4074 Καλλισθένης
1189 3994 1225 4059 ού
1239 4003 1317 4075 φησι

165 4103 259 4164 ταῦτα
274 4100 440 4166 συνθέσθαι
455 4106 509 4166 τὸν
524 4101 693 4183 βάρβαρον,
709 4102 786 4187 έργιρ
802 4102 835 4165 δὲ
850 4106 949 4166 ποιεῖν
963 4101 1013 4164 διὰ
1033 4099 1137 4183 φόβον
1155 4100 1208 4177 τῆς
1228 4098 1317 4178 ἥττης

165 4204 288 4284 έκείνης,
305 4200 353 4268 καὶ
367 4209 483 4286 μακρὸν
499 4207 592 4271 ούπως
607 4206 776 4282 άποστῆναι
791 4205 844 4282 τῆς
858 4202 1021 4281 Ἑλλάδος,
1037 4204 1117 4267 ὥστε
1132 4200 1319 4282 πεντήκοντα

165 4306 253 4373 ναυσὶ
277 4308 429 4390 Περικλέα
455 4311 505 4373 καὶ
528 4307 687 4389 τριάκοντα
711 4309 818 4389 μόναις
832 4307 1004 4391 Ἐφιάλτην
1025 4305 1164 4372 έπέκεινα
1186 4310 1319 4370 πλεῦσαι

166 4413 353 4476 Χελιδονίων
374 4413 423 4476 καὶ
442 4415 536 4493 μηδὲν
556 4413 655 4478 αύτοῖς
677 4411 816 4478 ναυτικὸν
838 4413 1010 4490 άπαυτήσαι
1025 4413 1106 4492 παρά
1120 4416 1181 4475 τῶν
1194 4408 1317 4492 βαρβά·

163 4541 233 4596 ρων.
278 4517 311 4580 ἓν
343 4517 376 4581 δὶ
407 4520 471 4583 τοῖς
499 4517 711 4599 ψηφίσμασιν,
737 4516 758 4579 δ
784 4513 936 4598 συνήγαγε
965 4513 1123 4597 Κρατερός,
1149 4513 1318 4594 ἀντίγραφα
