3000 5046
168 349 319 417 sumu]
438 341 531 403 ΗΕΒ
555 343 713 404 ALLJES
735 343 829 402 AND
856 343 1075 404 coLoNJEs.
1267 344 1326 423 167

213 545 291 600 859.
314 533 431 600 IambL
466 536 530 601 Vit.
562 535 660 622 Ργίίι.
688 558 794 602 xxxv.
832 540 912 617 264:
950 538 1072 619 Συνέβη
1100 539 1135 603 δὲ
1172 535 1219 604 καὶ
1256 539 1324 606 τοὺς

168 639 333 717 σωθέντας,
350 641 553 722 διαφερόντως
571 640 651 722 παρδ
674 647 739 708 τοῖς
760 649 889 709 πολλοῖς
913 642 1152 722 εὐδοκιμοῦντας,
1174 642 1249 707 κατά
1271 649 1323 708 τὸν

168 743 281 823 καιρόν,
298 745 332 807 έν
347 740 370 830 ᾧ
384 749 419 808 τδ
434 745 603 826 λεγόμενον
618 750 694 827 πρὸς
709 745 777 812 τοὺς
791 751 1034 827 παρανομοῦντας
1055 753 1073 781 “
1085 745 1120 808 οῦ
1143 745 1214 811 τάδε
1238 748 1324 811 ἐστὶν

168 842 218 911 έπί
242 847 379 914 Νίνωνος
390 845 410 876 ”
434 848 578 932 γενέσθαι
599 846 697 930 φασίν
712 852 745 914 έν
761 849 851 935 ταύτῃ
867 850 904 936 τῇ
918 850 1017 926 πόλει,
1033 852 1108 914 κατὰ
1123 854 1210 912 τοῦτο
1227 851 1320 932 ἐμβα-

167 950 284 1014 λόντων
299 955 359 1016 τῶν
375 953 515 1033 Θουρίων
529 950 604 1016 κατὰ
619 952 723 1035 χάραν
743 951 994 1034 ἐκβοηθήσαντας
1014 954 1064 1017 καὶ
1086 951 1152 1032 μετ’
1176 951 1322 1033 ἀλλήλων

165 1163 360 1234 μεταπεσεῖν.

425 1329 663 1398 Κίοααοίνῦίας
684 1329 727 1397 in
749 1329 832 1398 ιαίίι
854 1335 891 1396 at
913 1328 1069 1397 Τδιιιίοί.

207 1478 287 1535 ³60.
311 1467 420 1534 Strab.
436 1469 481 1534 vi.
497 1488 578 1549 1.14
593 1465 703 1558 (264):
721 1467 804 1550 Φησὶ
820 1468 849 1535 δ’
859 1467 1016 1554 Ἀντίοχος
1031 1469 1101 1538 τοῦς
1115 1472 1318 1551 Ταραντίνους
1377 1550 1385 1564 ἣ

164 1573 305 1653 Θουρίοις
334 1570 383 1637 καὶ
414 1575 602 1660 Κλεανδρίδςι
630 1576 671 1660 τῷ
704 1574 862 1659 στρατηγῷ
888 1573 1001 1656 φυγάδι
1032 1576 1066 1638 έκ
1096 1574 1318 1653 Λακεδαίμονος

163 1681 369 1756 πολεμοῦντας
384 1675 452 1761 περὶ
467 1681 521 1757 τῆς
541 1678 690 1760 Σιρίτιδος
713 1679 877 1758 συμβῆναι,
892 1675 941 1742 καὶ
957 1679 1136 1754 συνοικῆσαι
1151 1679 1208 1759 μὲν
1223 1679 1319 1766 κοινῆ,

162 1777 217 1855 τῆν
232 1778 257 1842 δ’
274 1780 413 1844 ἀποικίαν
427 1783 562 1862 κριθῆναι
576 1781 781 1864 Ταραντίνων,
792 1778 979 1861 Ἡράκλειαν
991 1780 1017 1845 δ’
1027 1781 1156 1861 ὕστερον
1171 1782 1316 1858 κληθῆναι

161 1888 396 1962 μεταβαλοῦσαν
412 1885 461 1948 καὶ
476 1883 607 1964 τοῦνομα
622 1886 671 1949 καὶ
687 1884 740 1948 τδν
754 1883 858 1949 τόπον.

204 2012 276 2067 ³61.
300 2001 397 2070 Diod.
413 2004 486 2069 xiii.
506 2006 656 2069 106.10:
680 2005 908 2087 Παραπλησίως
932 2006 966 2069 δὲ
987 2001 1036 2068 καὶ
1058 2009 1111 2069 τόν
1127 2004 1243 2085 πατέρα
1262 2008 1315 2068 τοῦ

162 2106 317 2171 Γυλίππου
340 2107 500 2192 Κλέαρχον
515 2106 641 2196 (immo
669 2105 892 2195 Κλεανδρίδαυ)
916 2108 1032 2189 συνέβη
1059 2112 1169 2191 φυγεῖν
1193 2109 1227 2171 ίν
1250 2112 1313 2175 τοῖς

161 2210 332 2292 ἔμπροσθεν
347 2214 479 2296 χρόνοις,
494 2214 542 2276 ὅτι
560 2210 650 2292 δόξας
666 2215 747 2294 παρὰ
764 2211 949 2294 Περικλέους
965 2216 1078 2293 λαβεῖν
1092 2209 1230 2297 χρήματα
1244 2213 1314 2294 περί

160 2316 212 2377 τοῦ
238 2314 292 2393 τῆν
322 2316 488 2396 εἰσβολὴν
503 2318 547 2384 είς
577 2316 632 2395 τὴν
660 2315 799 2395 Ἀττικὴν
826 2315 867 2397 μὴ
894 2314 1083 2396 ποιήσασθαι
1113 2313 1312 2394 κατεδικάσθη

160 2418 287 2504 θανάτῳ,
305 2421 355 2483 καὶ
370 2421 475 2502 φυγδν
489 2422 523 2485 zv
538 2421 680 2503 Θουρίοις
695 2421 749 2498 τῆς
763 2419 895 2487 Ἰταλίας
910 2420 1069 2501 διέτριβεν.

442 2631 506 2698 Τίνα
527 2655 601 2698 new
622 2631 803 2699 οιίίίονιιοιιί
825 2629 863 2717 of
881 2630 1034 2698 Πιονόοῦ.

201 2767 299 2834 Diod.
315 2768 372 2836 xii.
391 2789 441 2834 11.
487 2768 548 2836 See
562 2770 670 2837 above
680 2781 763 2838 346.

201 2900 278 2955 862.
299 2887 399 2955 Dion.
426 2889 504 2955 Hal.
527 2889 602 2976 [lya.
628 2912 665 2956 1:
695 2891 771 2971 Ἕτη
799 2895 832 2957 δὲ
865 2892 1076 2956 πεντεκαίδεκα
1099 2890 1240 2974 γεγονός,
1264 2892 1309 2958 είς

157 2994 304 3075 Θουρίους
320 2993 416 3080 ᾤχετο
432 2994 533 3060 πλέων
548 2996 605 3060 σὺν
624 2996 772 3078 δδελφοῖς
792 2996 871 3074 δυσί,
886 2990 1078 3071 κοινωνήσων
1094 2996 1145 3072 τῆς
1161 2993 1308 3072 άποικίας,

155 3096 193 3175 ῆν
209 3098 357 3163 ἔστελλον
371 3097 530 3178 Ἀθηναῖοί
542 3124 575 3163 τε
590 3096 639 3163 καὶ
654 3099 672 3178 ῆ
689 3099 770 3178 άλλη
786 3097 902 3165 Ἑλλὰς
917 3095 1073 3183 δωδεκάτῳ
1085 3097 1232 3180 πρότερον
1246 3098 1307 3162 ἔτει

155 3206 209 3264 τοῦ
226 3206 516 3280 Πελοποννησιακοῦ
531 3206 676 3284 πολέμου.
1062 3209 1067 3218 “

198 3331 275 3386 σου.
297 3320 385 3385 ΡΙοι..
401 3320 447 3388 Χ.
463 3320 557 3386 Orat.
578 3320 645 3386 νει.
669 3320 701 3386 Γ
714 3320 790 3407 [ην.
810 3319 900 3409 (Em.
927 3319 990 3406 835
1003 3317 1062 3408 c):
1092 3321 1259 3399 Γενόμενος
1281 3318 1307 3386 δ’

154 3422 317 3504 Ἀθήνησιν
340 3422 392 3491 ἐπὶ
415 3425 602 3493 Φιλοκλέους
626 3425 776 3511 άρχοντος
796 3431 848 3490 τοῦ
870 3425 947 3503 μετὰ
970 3427 1142 3507 Φρασικλῆ,
1170 3427 1245 3488 κατὰ
1271 3425 1306 3488 τδ

154 3529 292 3610 δεύτερον
311 3531 377 3596 έτος
400 3534 454 3610 τῆς
477 3531 678 3613 ὀγδοηκοστῆς
699 3531 894 3611 ὀλυμπιάδος,
909 3535 944 3594 τδ
958 3531 1014 3609 μὲν
1028 3535 1148 3610 πρῶτον
1162 3552 1305 3592 συνεπαι-

154 3632 255 3697 δεύετο
281 3637 344 3700 τοῖς
370 3633 624 3715 ἐπιφανεστάτοις
649 3631 825 3714 Ἀθηναίων·
859 3631 924 3698 ἐπεὶ
951 3634 984 3696 δὲ
1010 3631 1065 3710 τὴν
1095 3632 1139 3697 είς
1169 3631 1306 3713 Σύβαριν

153 3736 295 3801 άποικίαν
314 3736 368 3816 τῆν
391 3740 520 3818 ὕστερον
544 3738 690 3820 Θουρίους
709 3740 990 3819 μετονομασθεῖσαν
1004 3736 1153 3800 ἔστελλεν
1168 3733 1187 3813 ῆ
1204 3737 1304 3812 πόλις,

148 3836 245 3925 ῳῖχετο
261 3839 317 3905 σὺν
333 3841 374 3926 τῷ
386 3841 587 3928 πρεσβυτάτῳ
608 3844 752 3925 άδελφιῦν
773 3837 965 3924 Πολεμάρχῳ
982 3887 990 3902 .
1007 3886 1015 3903 .
1033 3886 1041 3901 .
1057 3844 1110 3902 τοῦ
1124 3843 1235 3922 πατρὸς
1246 3837 1303 3918 ῆδη

151 3946 405 4024 τετελευτηκότος,
428 3946 468 4013 ὣς
488 3947 679 4028 κοινωνήσων
699 3951 752 4010 τοῦ
775 3943 895 4026 κλήρου,
918 3944 969 4023 ίτη
990 3943 1123 4026 γεγονὼς
1144 3943 1302 4008 πεντεκαί-

151 4052 230 4126 δεκα,
252 4046 302 4113 έπδ
326 4048 532 4132 Πραξιτέλους
555 4051 710 4135 άρχοντος,
731 4051 816 4115 κάκεῖ
837 4047 966 4129 διέμεινε
988 4046 1200 4127 παιδευόμενος
1220 4048 1303 4128 παρδ

149 4152 242 4237 Τισίᾳ
262 4150 312 4217 καὶ
334 4155 425 4238 Νικίᾳ
447 4159 511 4221 τοῖς
533 4154 755 4236 Συρακουσίοις,
771 4153 957 4234 κτησάμενός
972 4151 997 4214 τ’
1013 4150 1109 4216 οίκίαυ
1124 4151 1173 4214 καὶ
1188 4148 1301 4234 κλῆρον

149 4256 248 4340 τυχὸν
263 4257 490 4322 ἐπολιτεύσατο.

190 4385 269 4440 364.
293 4374 376 4440 0011.
392 4374 436 4442 N.
446 4376 489 4441 A.
505 4398 562 4441 xv.
578 4395 631 4462 23.
649 4394 687 4442 2:
712 4375 910 4443 Hellanicus
930 4375 1027 4441 initio
1042 4372 1122 4440 belli
1137 4371 1300 4459 Pelopon·

147 4478 272 4545 nesiaci
301 4478 404 4546 fuisse
433 4479 578 4568 quinque
607 4487 642 4547 οδ
674 4480 852 4568 sexaginta
880 4500 986 4546 annos
1022 4483 1122 4544 natus
1155 4475 1299 4553 videtur,
