3000 5046
140 365 249 431 που]
372 356 459 416 THE
483 355 716 415 ΑΤΗΕΝΙΑΝ
739 356 1062 416 CONSTITUTION.
1231 372 1292 433 209

139 555 193 631 τῆς
209 555 347 633 κεφαλῆς
366 552 468 631 αύτῆς,
492 553 525 616 έκ
545 554 579 616 δὲ
598 556 652 616 τοῦ
673 552 839 634 τραύματος
862 550 1034 633 φάσκοντες
1054 554 1219 619 ἀποθανεῖν
1237 552 1293 632 τὴν

140 656 309 736 άνθρωπον,
336 656 544 740 λαγχάνουσιν
574 657 652 742 αὐτῷ
683 657 780 737 φόνου
810 657 895 736 δίκην
925 658 976 720 ἐπὶ
1006 657 1175 743 Παλλαδίῳ
1205 707 1212 722 .
1245 704 1253 721 .
1284 705 1292 721 .

141 756 211 846 (54)
230 760 371 826 ἐλθόντες
392 762 436 828 είς
457 760 512 840 τὴν
531 762 628 824 οίκίαν
648 761 686 825 ἵν’
702 759 739 839 ἦν
756 761 947 842 κεκρυμμένη,
961 761 1020 845 βίη
1034 762 1185 841 λαβόντες
1201 761 1293 841 αὐτὴν

141 860 189 927 καλ
212 863 378 946 ἀγαγόντες
396 864 446 928 ἐπὶ
466 863 502 927 τὸ
524 860 717 946 δικαστήριον
740 863 839 941 ζῶσαν
863 863 960 927 άπασι
982 867 1045 930 τοῖς
1069 867 1216 944 παροῦσιν
1239 867 1292 928 ἐπ·

140 964 268 1046 έδειξαν.
316 963 391 1032 ὥσθ’
418 967 605 1032 ἑπτακοσίων
630 968 687 1049 μὲν
715 967 895 1046 δικαζόντων
924 966 1156 1047 ...ούδεμίαν
1182 970 1293 1050 ψῆφον

138 1071 320 1151 μετέλαβεν.

183 1204 234 1259 77.
256 1191 479 1271 Philochorus,
492 1191 548 1256 Fr.
563 1212 620 1270 141
635 1191 657 1257 b
673 1187 817 1279 (muller,
830 1189 867 1256 11.
878 1190 924 1256 Η.
936 1189 974 1257 θ.
988 1188 1009 1255 ἱ.
1024 1211 1057 1277 p.
1068 1187 1145 1275 407)
1159 1218 1166 1257 :
1190 1194 1291 1274 Νομο-

140 1294 274 1379 φύλακες
289 1297 388 1377 έτεροί
401 1299 461 1361 είσι
476 1302 537 1361 τῶν
551 1300 750 1377 θεσμοθετῶν,
766 1295 805 1363 ὦς
821 1296 993 1378 Φιλόχορος
1011 1296 1044 1359 έν
1059 1295 1095 1383 τῇ
1111 1292 1148 1374 ζ’.
1193 1298 1222 1360 οί
1237 1298 1293 1373 μὲν

138 1402 197 1484 γδρ
219 1399 363 1484 άρχοντες
386 1400 548 1481 ἀνέβαινον
575 1402 618 1468 είς
641 1397 764 1481 Ἀρειον
790 1399 888 1483 πάγον
911 1398 1165 1480 έστεφανιίμενοι·
1201 1402 1231 1463 οί
1257 1401 1291 1465 δέ

140 1504 349 1585 νομοφύλακες
377 1505 508 1586 στρόφια
538 1506 641 1587 χαλκᾶ
666 1502 791 1586 άγοντες
818 1500 867 1568 καὶ
894 1503 927 1566 έν
952 1506 1019 1569 ταῖς
1046 1501 1129 1569 θέαις
1155 1503 1293 1567 έναντίον

139 1607 295 1691 άρχόντων
314 1609 501 1689 ἐκαθέζοντο·
532 1608 580 1674 καί
599 1609 655 1689 τὴν
673 1608 796 1691 πομπὴν
812 1609 947 1688 ἔπεμπον
962 1605 999 1693 τῇ
1014 1605 1168 1687 Παλλάδι,
1188 1606 1240 1674 τὰς
1259 1611 1291 1673 δὲ

140 1711 236 1795 άρχδς
254 1710 424 1794 ἠνάγκαζον
446 1717 510 1780 τοῖς
533 1715 634 1792 νόμοις
656 1715 800 1796 χρῆσθαι,
827 1709 876 1775 καί
899 1713 932 1776 έν
958 1709 994 1798 τῇ
1016 1711 1164 1796 ἐκκλησίᾳ
1187 1712 1235 1775 καὶ
1258 1715 1292 1777 έν

139 1815 175 1900 τῇ
196 1816 295 1902 βουλῇ
315 1816 391 1897 μετὰ
409 1822 469 1882 τῶν
487 1816 639 1899 προέδρων
658 1816 814 1894 ἐκάθηντο,
830 1815 995 1880 κωλύοντες
1014 1816 1052 1878 τά
1071 1813 1232 1896 άσύμφορα
1255 1815 1293 1901 τῇ

140 1920 231 1982 πόλει
252 1918 402 2000 πράττειν.
448 1923 524 1984 έπτδ
541 1921 574 1984 δὲ
595 1918 683 1999 ἦσαν·
701 1918 749 1983 καὶ
771 1918 969 1997 κατέστησαν,
985 1917 1025 1985 ὥς
1043 1919 1225 2003 Φιλόχορος,
1241 1920 1292 1984 ὅτε

139 2021 307 2103 Ἐφιάλτης
324 2024 403 2105 μόνα
425 2023 568 2088 κατέλιπε
586 2048 622 2110 τη
645 2022 681 2102 έξ
698 2020 817 2104 Ἀρείου
839 2020 938 2104 πάγου
960 2022 1062 2108 βουλῇ
1084 2024 1122 2085 τδ
1143 2023 1217 2104 ύπέρ
1239 2026 1292 2087 τοῦ

141 2126 287 2206 στόματος.
333 2126 383 2191 Cf.
400 2126 507 2192 below
522 2138 581 2191 125
598 2126 665 2192 and
680 2124 775 2192 Phot.
792 2129 833 2191 01
849 2125 1059 2207 νομοφύλακες
1074 2125 1164 2192 τίνες.

184 2256 237 2312 78.
261 2245 432 2312 Demosth.
445 2266 484 2332 23
494 2246 537 2311 υἰυ
546 2245 710 2311 Ανὶυίοον.
722 2265 780 2310 22:
801 2247 904 2325 Νόμος
921 2246 953 2309 έκ
967 2251 1028 2310 τῶν
1043 2250 1177 2326 φονικῶν
1191 2244 1292 2325 νόμων

141 2355 200 2416 τῶν
230 2349 266 2431 ἐξ
293 2350 413 2432 Ἀρείου
442 2350 548 2433 πάγου.
593 2349 747 2434 [Δικάζειν
769 2352 802 2414 δὲ
824 2350 878 2429 τὴν
899 2349 1020 2431 βουλὴν
1042 2348 1097 2429 τὴν
1123 2350 1157 2414 ἓν
1182 2345 1291 2435 Ἀρείῳ

140 2456 227 2541 πάγῳ
243 2457 339 2537 φόνου
355 2453 405 2520 καὶ
419 2456 584 2537 τραύματος
605 2457 638 2518 έκ
658 2455 802 2537 προνοίας
821 2455 870 2519 καὶ
888 2457 1033 2535 πυρκαϊᾶς
1049 2452 1098 2518 καὶ
1114 2452 1292 2537 φαρμάκων,

141 2558 193 2625 έάν
208 2585 253 2626 τις
269 2561 430 2646 άποκτείυη
448 2559 534 2643 δούς]

183 2690 237 2746 79.
261 2678 350 2744 [bid.
367 2681 429 2743 66:
449 2684 545 2744 Τοῦτο
567 2680 660 2761 μόνον
682 2679 717 2743 τδ
739 2676 932 2760 δικαστήριον
948 2675 997 2764 (τὸ
1016 2680 1049 2745 έν
1062 2678 1168 2765 Ἀρείῳ
1190 2675 1291 2765 πάγῳ)

141 2783 210 2867 ούχὶ
235 2785 386 2865 τύραννος,
416 2784 467 2847 ούκ
491 2784 664 2867 ὀλιγαρχία,
690 2782 725 2846 ού
753 2784 935 2863 δημοκρατία
965 2780 1018 2848 τάς
1048 2784 1178 2863 φονικὰς
1206 2783 1292 2850 δίκας

141 2887 314 2968 άφελέσθαι
336 2888 528 2966 τετόλμηκεν.

184 3017 242 3072 80.
264 3007 383 3092 Lysias
401 3023 418 3088 7
436 3007 557 3091 Areop.
573 3006 613 3071 de
628 3006 749 3091 Saepto
766 3025 804 3071 2:
830 3003 1028 3089 Ἀπεγράφην
1049 3010 1084 3069 τδ
1099 3008 1155 3084 μὲν
1173 3011 1292 3086 πρῶτον

142 3112 249 3177 ἐλαίαν
271 3113 304 3174 έκ
329 3115 382 3191 τῆς
403 3115 459 3191 γῆς
483 3112 640 3193 ἀφανίζειν
664 3159 671 3176 .
696 3158 703 3173 .
729 3158 736 3174 .
760 3110 827 3175 νυνί
844 3136 882 3189 με
903 3111 997 3189 σηκόν
1011 3118 1109 3191 φασιν
1124 3111 1290 3190 ἀφανίζειν.

140 3260 149 3278 .
172 3262 180 3279 .
204 3262 212 3278 .
235 3209 283 3303 (3)
303 3214 352 3279 καὶ
375 3220 420 3279 δεῖ
440 3241 488 3296 με,
511 3216 579 3297 περὶ
602 3217 643 3279 ὧν
666 3214 751 3282 οὗτος
769 3214 1034 3293 έπιβεβουλευκιδς
1055 3213 1134 3292 ἥκει,
1155 3213 1205 3295 ἅμ’
1223 3215 1293 3293 ὑμῖν

140 3323 203 3384 τοῖς
229 3318 482 3401 διαγνωσομένοις
508 3316 577 3399 περὶ
602 3323 655 3380 τοῦ
681 3316 856 3400 πράγματος
878 3317 1049 3381 ἀκούσαντα
1073 3315 1122 3381 καί
1146 3314 1215 3397 περὶ
1239 3320 1292 3395 τῆς

140 3423 282 3504 πατρίδος
298 3419 346 3485 καὶ
362 3420 429 3502 περὶ
447 3423 500 3500 τῆς
514 3420 620 3487 οὐσίας
636 3420 856 3503 άγωνίσασθαι.

410 3705 612 3776 opposition
633 3705 703 3761 and
725 3704 801 3760 Fau
823 3703 863 3760 of
880 3701 1016 3759 Kimon.

336 3832 526 3920 Ill-feeliny
548 3835 686 3920 αραίιιοό
708 3834 837 3919 Sparta
858 3831 931 3898 οτιά
953 3830 1095 3898 Κίωνοτι.

185 3982 234 4036 81.
258 3970 361 4037 Thue.
377 3972 399 4036 i.
419 3992 488 4039 102.
505 3994 536 4053 4.

171 4156 331 4224 Κίνηυνιό
345 4160 533 4246 ορρονίὶίοιι
551 4165 584 4226 to
597 4160 798 4226 democratia
814 4159 956 4247 refmmw
972 4159 1047 4226 αωό
1061 4155 1255 4224 άαίτοπίςυυ.

185 4305 240 4359 82.
265 4295 353 4361 Plut.
370 4297 457 4362 Cim.
476 4313 516 4382 15
528 4322 535 4361 :
560 4304 619 4362 Διδ
631 4300 744 4362 καὶτοῦ
756 4299 902 4377 Κίμωνος,
914 4297 954 4365 ὥς
966 4299 1147 4377 ἐπανῆλθεν,
1161 4297 1292 4378 άγανακ·

140 4404 264 4467 τοῦντος
279 4398 329 4466 ἐπὶ
345 4403 386 4486 τῳ
401 4402 677 4482 προπηλακίζεσθαι
693 4401 728 4465 τδ
739 4399 857 4481 άξίωμα
872 4406 924 4466 τοῦ
937 4402 1102 4484 συνεδρίου,
1119 4398 1168 4466 καλ
1183 4426 1290 4484 πειρω-

140 4502 232 4582 μένου
249 4502 346 4570 πάλιν
363 4505 425 4569 άνω
447 4505 501 4573 τὰς
523 4507 608 4572 δίκας
630 4506 851 4571 άνακαλεῖσθαι
873 4505 922 4572 καὶ
943 4505 998 4586 τὴν
1019 4507 1069 4571 έπὶ
1091 4504 1292 4574 Κλεισθένους

704 4626 724 4672 P
