3000 5046
504 388 590 447 THE
613 386 847 446 ATHENJAN
871 385 976 447 cm.
1255 403 1312 466 173

162 586 224 664 ζειν
238 587 293 667 τῆν
304 587 405 661 πόλιν,
418 583 466 648 καὶ
482 584 576 670 τούτῳ
590 585 633 670 τηῖ
647 584 747 669 τρόπῳ
763 582 925 667 κρατήσειν
936 584 1040 652 αὐτοὺς
1055 586 1241 665 ἀπεφαίνετο
1256 591 1309 665 τῆς

161 688 343 770 προθέσεως.
388 684 456 776 (40)
471 687 706 753 ὑπακουσάντων
726 691 759 753 δέ
776 694 836 754 τῶν
850 688 1025 767 Ἀθηναίων,
1044 692 1074 753 οἱ
1093 693 1149 770 μέν
1170 688 1238 773 περὶ
1259 697 1310 756 τόν

161 793 376 873 Θεμιστοκλέα
390 793 538 875 πρέσβεις
550 796 685 877 προῆγον
696 795 740 859 είς
750 791 805 871 τήν
818 790 968 873 Σπάρτην,
980 795 1008 856 οἱ
1024 797 1057 857 δέ
1066 793 1220 871 Ἀθηναῖοι
1234 799 1310 876 μετὰ

159 896 295 979 μεγάλης
310 900 443 974 σπουδῆς
458 896 629 982 ᾠκοδόμουν
650 895 686 959 τά
706 896 802 977 τείχη,
817 893 878 959 οὔτ’
894 897 991 962 οίκίας
1006 896 1073 960 οὔτε
1089 896 1187 978 τάφου
1206 900 1309 979 φειδό-

160 1025 254 1080 μενοι.
278 1000 544 1081 συνελαμβάνοντο
559 1002 592 1064 δέ
606 1008 666 1065 τῶν
678 1000 773 1081 ἔργων
784 1001 816 1063 οἵ
830 1023 861 1061 τε
876 1003 979 1065 παῖδες
995 997 1044 1064 καὶ
1059 1002 1091 1063 αἱ
1106 1006 1245 1082 γυναῖκες
1262 1004 1310 1067 καὶ

161 1105 293 1168 καθόλου
308 1108 367 1171 πάς
381 1103 465 1183 ξένος
485 1102 532 1168 καὶ
547 1108 663 1181 δοῦλος,
679 1101 799 1167 οὐδενὸς
813 1100 1056 1183 ἀπολειπομένου
1070 1105 1124 1181 τῆς
1136 1107 1308 1186 προθυμίας.

159 1205 208 1295 (2)
229 1206 406 1291 παραδόξως
423 1210 455 1272 δέ
471 1213 531 1271 τῶυ
548 1208 645 1288 ἐργων
660 1206 831 1286 ἀιυομένων
846 1204 896 1269 διά
911 1231 944 1270 τε
963 1205 1017 1273 τὰς
1042 1209 1238 1291 πολυχειρίας
1261 1209 1310 1275 καί

159 1313 214 1379 τάς
228 1317 289 1377 τῶυ
304 1311 444 1376 ἀπάντων
459 1311 630 1392 προθυμίας,
646 1312 662 1373 ὁ
677 1312 733 1390 μὲν
748 1312 962 1389 Θεμιστοκλῆς
981 1310 1162 1391 ἀνακληθεὶς
1175 1314 1235 1378 ύπδ
1249 1321 1310 1379 τῶν

161 1417 316 1499 ἀρχόντων
339 1414 386 1479 καὶ
405 1416 589 1494 ἐπιτιμηθεὶς
612 1413 680 1493 περὶ
704 1417 757 1492 τῆς
777 1415 962 1495 τειχοποιίας
982 1413 1134 1496 ἠρνήσατο
1152 1417 1206 1497 τῆν
1228 1419 1309 1482 οίκο-

160 1521 276 1599 δομίαν,
293 1521 342 1583 καὶ
367 1517 557 1600 παρεκάλεσε
581 1516 650 1583 τοὺς
673 1516 820 1600 ἄρχοντας
841 1517 882 1598 μὴ
897 1518 1054 1583 πιστεύειν
1070 1525 1168 1587 κεναῖς
1184 1519 1309 1602 φήμαις,

161 1623 230 1686 ἀλλ’
254 1621 460 1687 ἀποστέλλειν
483 1620 630 1702 πρέσβεις
654 1620 848 1700 ἀξιοπίστους
870 1622 913 1686 είς
936 1619 989 1687 τάς
1016 1619 1156 1700 Ἀθήνας·
1178 1628 1229 1688 διά
1250 1627 1308 1709 γάρ

160 1727 271 1792 τούτων
287 1729 425 1790 εἴσεσθαι
440 1726 580 1803 τάληθές·
604 1726 653 1788 καὶ
674 1724 786 1788 τούτων
800 1723 946 1805 ἐγγυητὴν
962 1725 1068 1791 ἐαυτὸν
1084 1731 1243 1808 παρεδιδον
1259 1732 1308 1795 καὶ

160 1831 228 1898 τοὺς
249 1828 315 1911 μεθ’
340 1833 444 1894 ἐαυτοῦ
469 1829 766 1911 συμπρεσβεύοντας.
810 1823 858 1915 (3)
889 1828 1065 1897 πεισθέντες
1095 1835 1127 1897 δέ
1154 1834 1182 1895 οἱ
1210 1838 1307 1898 Λακε·

160 1935 309 2013 δαιμόνιαι
324 1933 392 1999 τοὺς
409 1938 465 2013 μὲν
480 1931 548 2015 περὶ
569 1939 622 1996 τὸν
645 1930 857 2012 Θεμιστοκλέα
879 1932 1119 2013 παρεφύλαττον,
1135 1937 1177 2002 είς
1200 1939 1232 2001 δέ
1255 1937 1308 2005 τὰς

161 2023 291 2116 Ἀθήνας
309 2037 496 2101 ἀπέστειλαν
512 2036 581 2102 τοὺς
600 2033 859 2117 ἐπιφανεστάτους
874 2036 1168 2118 κατασκεψομένους,
1183 2043 1251 2123 περὶ
1267 2044 1309 2108 ὧν

161 2140 198 2222 ῆν
220 2142 307 2224 χρεία
331 2142 630 2223 πολυπραγμονῆσαι.
677 2143 728 2203 τοῦ
751 2141 784 2203 δέ
813 2139 922 2222 χρόνον
953 2142 1171 2219 διεξελθόντος,
1198 2147 1227 2209 οἱ
1253 2149 1309 2224 μὲν

159 2242 314 2325 Ἀθηναῖοι
330 2245 364 2308 τό
380 2250 481 2329 τεῖχος
496 2246 637 2324 ἐφθασαν
653 2240 704 2323 ἐφ’
721 2244 824 2308 ἱκανὸν
841 2246 1104 2325 κατεσκευακότες,
1118 2248 1187 2315 τοὺς
1203 2251 1235 2314 δέ
1250 2257 1309 2315 τῶν

159 2349 400 2430 Λακεδαιμονίων
416 2346 563 2429 πρέσβεις
579 2348 722 2414 ἐλθόντας
738 2350 781 2414 είς
796 2345 849 2415 τάς
862 2346 993 2428 Ἀθήνας
1003 2351 1051 2414 καὶ
1059 2351 1124 2430 μετ’
1133 2353 1310 2420 ἀνατάσεων

160 2455 209 2517 καὶ
233 2454 368 2517 ἀπειλῶν
394 2453 591 2531 ἐπιτιμῶντας
615 2451 789 2531 παρέδωκαν
815 2454 858 2519 είς
882 2452 1030 2533 φυλακήν,
1057 2452 1211 2537 φήσαντες
1241 2461 1309 2525 τότε

161 2555 302 2634 ἀφήσειν,
318 2557 391 2620 ὅταν
407 2557 537 2620 κάκεῖνοι
552 2555 620 2622 τοὺς
635 2557 703 2637 περὶ
720 2556 933 2633 Θεμιστοκλέα
948 2556 1096 2639 πρέσβεις
1118 2560 1309 2630 ἀπολύσωσι.

161 2656 207 2746 (4)
222 2661 316 2744 τούτῳ
332 2661 363 2724 δέ
383 2657 423 2745 τῷ
431 2660 530 2743 τρόπῳ
543 2658 872 2742 καταστρατηγηθέντες
883 2662 912 2723 οἱ
921 2659 1062 2729 Λάκωνες
1073 2662 1309 2746 ἠναγκάσθησαν

161 2765 314 2827 ἀπολῦσαι
338 2764 407 2829 τοδς
432 2763 602 2842 Ἀθηναίων
628 2765 786 2844 πρέσβεις,
811 2765 861 2827 ἵνα
887 2764 955 2830 τοὺς
978 2765 1072 2833 ίδίους
1095 2767 1307 2849 ἀπολάβωσιν.

161 2870 178 2931 ό
215 2871 247 2933 δὲ
280 2869 493 2947 Θεμιστοκλῆς
522 2867 644 2952 τοιούτῳ
676 2865 900 2949 στρατηγήματι
929 2868 1067 2952 τειχίσας
1096 2869 1150 2949 τῆν
1180 2876 1309 2955 πατρίδα

161 2972 316 3052 συντόμως
354 2967 402 3035 καὶ
440 2970 611 3048 ἀκινδύνως,
640 2970 775 3054 μεγάλης
812 2971 967 3054 ἀποδοχῆς
1004 2973 1092 3058 ἐτυχε
1128 2974 1209 3057 παρά
1245 2982 1309 3045 τοῖς

160 3077 308 3142 πολίταις.

204 3242 236 3296 4.
260 3231 348 3296 Plut.
362 3229 471 3295 Pham.
488 3249 545 3313 19:
567 3231 733 3309 Γενόμενος
744 3227 769 3294 δ’
784 3231 844 3294 ἀπὸ
859 3236 919 3295 τῶν
934 3230 1071 3312 πράξεων
1086 3234 1208 3301 ἐκείνων
1223 3236 1309 3304 εύθδς

160 3338 311 3419 ἐπεχείρει
340 3335 396 3415 τῆν
425 3335 518 3398 πόλιν
547 3334 754 3409 ἀνοικοδομεῖν
784 3333 832 3400 καὶ
862 3336 1016 3418 τειχίζειν,
1047 3336 1087 3402 όις
1111 3341 1167 3416 μὲν
1194 3341 1311 3422 ἱστορεῖ

162 3441 351 3521 Θεόπομπος,
367 3438 503 3522 χρήμασι
520 3442 627 3505 πείσας
645 3439 685 3518 μῆ
708 3443 923 3519 ἐναντιωθῆναι
941 3439 1010 3507 τοὺς
1030 3441 1166 3522 ἐφόρους,
1182 3442 1222 3509 ὣς
1237 3443 1264 3508 δ’
1279 3447 1309 3509 σί

161 3549 312 3620 πλεῖστοι,
343 3542 638 3625 παρακρουσάμενος.
698 3541 752 3621 ῆκε
780 3543 836 3619 μέν
868 3543 926 3625 γὰρ
956 3546 1000 3610 είς
1037 3542 1179 3624 Σπάρτην
1213 3548 1309 3625 ὄνομα

160 3650 327 3729 πρεσβείας
351 3645 607 3729 ἐπιγραφόμενος·
639 3647 846 3729 ἐγκαλούντων
875 3650 908 3712 δέ
937 3652 998 3711 τῶν
1028 3650 1231 3728 Σπαρτιατῶν,
1263 3652 1309 3715 ὅτι

161 3753 326 3836 τειχίζουσι
338 3758 373 3815 τὸ
385 3751 470 3827 άστυ,
484 3751 533 3814 καὶ
546 3751 728 3832 Πολυάρχου
743 3755 976 3833 κατηγοροῦντος
991 3751 1126 3830 ἐπίτηδες
1137 3749 1174 3831 ἐξ
1182 3754 1308 3837 Αἰγίνης

160 3856 396 3934 ἀποσταλέντος,
408 3856 527 3937 ἠρνεῖτο
543 3851 591 3918 καὶ
607 3854 735 3934 πέμπειν
747 3853 885 3919 ἐκέλευεν
897 3856 941 3921 είς
950 3853 1079 3933 Ἀθήνας
1095 3854 1163 3923 τοὺς
1176 3864 1308 3940 καταφο-

161 3961 275 4041 μένους,
291 3960 352 4040 άμσ
373 3963 429 4040 μὲν
455 3960 622 4037 ἐμβάλλων
644 3957 686 4044 τερ
707 3958 855 4043 τειχισμφ
876 3959 989 4042 χρόνον
1011 3961 1044 4024 ἐκ
1065 3962 1120 4038 τῆς
1139 3964 1308 4042 διατριβῆς,

161 4064 223 4144 άμα
247 4069 280 4131 δέ
309 4065 498 4145 βουλόμενος
526 4062 591 4127 ἀντ’
622 4061 713 4126 αύτοΰ
741 4062 810 4128 τοὺς
834 4062 1041 4142 πεμπομένους
1071 4061 1220 4147 ὑπάρχειν
1245 4071 1310 4134 τοῖς

159 4168 341 4248 Ἀθηναίοις.
387 4167 403 4231 δ
419 4165 469 4231 καὶ
484 4165 608 4247 συνέβη·
631 4167 755 4250 γνόντες
770 4165 828 4248 γάρ
844 4166 873 4229 οἱ
888 4167 1118 4246 Λακεδαιμόνιοι
1140 4173 1175 4232 τδ
1198 4170 1310 4249 ἀληθές

161 4272 211 4336 σύκ
227 4272 374 4351 ἠδίκησαν
390 4270 490 4348 αύτόν,
506 4269 575 4334 ἀλλ’
592 4269 712 4348 ἀδήλως
727 4270 959 4353 χαλεπαίνοντες
974 4270 1169 4352 ἀπέπεμψαν.

205 4438 236 4491 5.
259 4425 413 4511 Polyaen.
431 4424 453 4488 i.
472 4443 524 4509 30.
542 4437 582 4504 5:
613 4421 769 4501 Ἀθηναῖοι
793 4423 832 4485 τά
855 4422 942 4506 τείχη
967 4429 1019 4488 τοῦ
1043 4423 1153 4492 άστεος
1176 4424 1307 4509 ἤγειρον·

160 4529 301 4596 Λάκωνες
316 4529 473 4609 ἐφθόνουν·
491 4526 648 4607 ἠπάτησεν
662 4524 768 4593 αύτούς
783 4529 1005 4607 Θεμιστοκλῆς.
1049 4528 1067 4593 ό
1081 4530 1115 4593 δέ
1129 4530 1240 4611 τρόπος
1254 4534 1310 4611 τῆς
