3000 5046
157 369 249 433 6-10.]
504 366 591 425 THE
615 367 643 425 A
651 366 848 426 ΤΗΕΝῙΑΝ
871 367 977 429 CITY.
1254 385 1311 448 175

159 570 254 635 εῖπιῖιν
278 575 340 635 τοῖς
364 569 513 645 πολίταις,
530 567 585 632 κάν
609 567 773 649 ἀφικνῆταί
793 593 839 634 τις
862 569 894 631 ἐκ
918 570 1149 649 Λακεδαίμονος,
1173 570 1312 652 κατέχειν

160 674 314 751 κελεύσας,
331 672 471 754 οίχεσθαι
486 672 667 754 πρεσβεύων
681 672 769 739 αὐτὸς
784 671 825 738 ὣς
844 671 914 739 τοὺς
934 674 1193 753 Λακεδαιμονίους,
1207 675 1311 762 λόγων

160 780 192 842 δέ
214 775 400 861 γιγνομένων
423 778 493 852 ἐκεῖ,
517 777 570 840 καί
589 801 680 841 τινων
701 776 960 859 ἀπαγγελλόντων
983 776 1022 843 ὡς
1044 775 1201 857 Ἀθηναῖοι
1214 778 1311 860 τειχί·

160 883 270 960 ζουσιν,
285 882 440 960 ἀρνεῖσθαι
456 882 505 945 καὶ
520 880 668 962 πρέσβεις
683 879 813 961 πέμπειν
828 880 1036 962 σκεψομένους
1050 881 1192 957 κελεύειν,
1205 882 1310 964 ἐπειδὴ

159 983 185 1050 δ’
200 985 257 1069 ούχ
271 985 346 1066 ἧκον
360 983 451 1061 οδτοι,
468 985 596 1063 πέμπειν
612 983 729 1065 ἑτέρους
744 987 907 1085 παραινεῖν.

203 1133 234 1186 0.
256 1119 569 1206 Ar.Eq.813‚814:
834 1193 836 1199 Ι

662 1239 706 1304 Σύ
729 1244 939 1322 Θεμιστοκλεῖ
958 1242 1158 1324 ἀντιφερίζεις
1169 1266 1177 1324 ;

269 1345 302 1412 θς
324 1347 468 1424 ἐποίησεν
489 1346 543 1425 τῖγν
565 1345 657 1410 πόλιν
678 1344 764 1426 ἡμῶν
785 1345 901 1426 μεστὴν
923 1346 1016 1427 εύρῖαν
1038 1348 1187 1430 ἐπιχειλῆ,

270 1448 319 1514 καὶ
341 1450 415 1531 πρὸς
438 1449 553 1517 τούτοις
575 1450 729 1536 ἀριστόση
752 1453 804 1513 τὸν
827 1454 956 1532 Πειραιᾶ
978 1449 1181 1532 προσέμαξεν,

270 1557 397 1635 ἀφελών
416 1554 442 1619 τ’
465 1556 551 1620 οὐδὲν
572 1559 632 1617 τῶν
654 1552 788 1636 ἀρχαίων
811 1554 896 1638 ῖχθιῖς
919 1553 1037 1621 καινοὺς
1059 1554 1217 1637 παρέθηκε.

205 1674 315 1741 Schol.
340 1674 387 1739 acl
410 1697 443 1740 v.
468 1675 549 1753 814:
586 1671 734 1738 Τουτέστι
763 1675 853 1756 χείλη
886 1673 927 1753 μὴ
959 1674 1102 1757 ἔχουσαν.
1148 1677 1309 1744 αἰνίττεται

161 1782 194 1844 δέ
224 1778 274 1844 διὰ
302 1778 408 1843 τούτου
438 1779 494 1858 τὴν
524 1779 662 1860 ἱστορίαν
691 1783 745 1842 τοῦ
771 1761 1025 1858 Θεμιστοκλέους,
1055 1780 1103 1842 ότι
1132 1778 1187 1858 τὴν
1216 1781 1310 1845 πόλιν

161 1885 322 1967 ἐτείχισεν,
346 1884 395 1947 καὶ
417 1888 509 1946 ταῦτα
537 1880 617 1964 παρά
642 1882 765 1962 γνιόμην
787 1888 848 1946 τῶν
871 1884 1130 1960 Πελοποννησίων
1153 1882 1310 1964 ἀπατήσας

161 1987 277 2055 αύτούς.
322 1987 400 2068 φασὶ
420 1990 478 2070 γὰρ
498 1992 557 2051 τῶν
576 1987 818 2065 Λακεδαιμονίων
836 1986 995 2066 μαθόντων
1015 1987 1233 2070 ἐκτειχίζεσθαι
1256 1987 1309 2057 τάς

160 2089 291 2170 Ἀθήνας
317 2092 366 2155 καὶ
391 2091 432 2172 μὴ
457 2090 685 2172 ἐπιτρεπόντων,
709 2091 992 2171 καταστρατηγῆσαι
1018 2089 1071 2154 τὸν
1098 2092 1310 2169 Θεμιστοκλέα

161 2199 211 2263 ἐπὶ
233 2200 275 2283 τῷ
298 2197 395 2278 δεῖξαι
415 2204 478 2265 τοῖς
504 2197 750 2278 Λακεδαιμονίοις
773 2195 820 2261 ότι
842 2192 893 2260 ἐπί
915 2197 955 2280 τῷ
978 2198 1066 2282 κοινῷ
1089 2201 1143 2277 τῆς
1157 2197 1309 2269 Ἑλλάδος

161 2301 342 2384 συμφέροντι
360 2303 521 2386 τειχίζοιεν
538 2301 592 2380 τὴν
606 2300 708 2365 πόλιν.
752 2296 972 2384 χειροτονηθείς
988 2302 1021 2365 δέ
1040 2303 1232 2383 πρεσβευτὴς
1246 2308 1311 2371 τοῖς

160 2406 218 2486 μὲν
229 2405 404 2484 ’Λθηναίοις
421 2406 531 2470 ἔδωκεν
545 2406 672 2471 ἐντολάς
686 2404 827 2484 τειχίζειν
841 2403 926 2491 πόση
943 2406 1059 2492 σπουδῇ
1080 2405 1136 2483 τὴν
1151 2406 1256 2487 πόλιν,
1267 2407 1310 2487 μὴ

162 2509 355 2589 φειδομένους
369 2508 444 2590 μίμε
465 2509 540 2573 ἰδίου
559 2502 643 2589 μήτε
658 2507 805 2588 δημοσίου
827 2512 908 2572 τινὸς
931 2507 1175 2588 οἰκοδομήματος,
1190 2515 1255 2577 τοῖς
1277 2515 1311 2578 δὲ

161 2618 425 2693 συμπρεσβευταῖς
437 2610 606 2694 προσέταξε
614 2611 743 2693 βρόδιον
752 2611 854 2675 ἐλθεῖν
865 2614 908 2677 είς
917 2610 972 2691 τὴν
981 2615 1198 2691 Λακεδαίμονα.
1222 2614 1311 2681 αύτδς

161 2719 194 2782 δέ
211 2717 393 2798 ἀφικόμενος
408 2718 508 2781 ἐκεῖσε
527 2714 575 2780 καὶ
594 2721 654 2780 τῶν
674 2714 915 2794 Λακεδαιμονίων
931 2712 1095 2794 ἀξιούντων
1109 2716 1199 2781 αὐτὸν
1219 2719 1262 2785 είς
1276 2722 1310 2782 τδ

162 2820 264 2886 κοινὸν
274 2825 422 2901 παρεῖναι,
439 2817 488 2884 καί
502 2818 604 2903 λέγειν
618 2821 661 2884 ὧν
674 2813 795 2906 χρηίζων
810 2819 945 2900 ἀφῖκται,
955 2818 990 2882 κδ
1000 2821 1056 2900 μέν
1068 2824 1185 2902 πρῶτον
1197 2823 1241 2888 είς
1256 2821 1312 2902 τὴν

161 2925 328 3006 παρουσίαν
349 2925 540 3005 ὑπερετίθετο
562 2929 622 2988 τῶν
645 2922 817 3006 πρέσβεων.
860 2921 902 3003 μη
925 2921 983 3005 γὰρ
1006 2924 1145 3004 ἀσφαλὲς
1164 2923 1313 3010 ύπάρχειν

162 3027 242 3113 αὐτῷ
265 3026 366 3096 κοινὰς
390 3029 516 3095 ἐντολὰς
541 3028 671 3107 λαβόντι
697 3027 791 3107 μόνον
816 3027 1039 3106 ἀποπληρῶσαι
1057 3025 1112 3106 τὴν
1132 3029 1311 3109 πρεσβείαν.

162 3133 211 3196 καὶ
226 3130 386 3214 ἤσχαλλεν
401 3133 448 3195 ότι
462 3128 552 3211 μήπω
567 3129 774 3215 παρεγένοντο.
819 3129 858 3196 ὣς
873 3131 906 3193 δέ
917 3131 1026 3212 χρόνος
1039 3131 1141 3198 ἱκανὸς
1152 3131 1312 3213 διεγένετο,

162 3230 209 3298 καὶ
234 3236 264 3299 οἱ
284 3234 494 3316 συμπρέσβεις
513 3237 661 3315 παρῆσαν,
677 3233 732 3312 ἤδη
748 3234 781 3297 δέ
797 3236 848 3297 τοῦ
865 3233 981 3318 τείχους
997 3235 1103 3300 ίκανῶς
1118 3259 1311 3318 προκεχωρη-

161 3339 248 3405 κότος
270 3342 335 3405 τοῖς
357 3339 606 3419 Λακεδαιμονίοις
629 3337 761 3420 ἤγγελτο
787 3338 833 3401 ότι
862 3337 1084 3419 τετειχισμέναι
1110 3343 1220 3403 λοιπὸν
1250 3339 1311 3404 εῖεν

159 3440 297 3519 Ἀθῆναι,
312 3441 472 3522 παρελθὼν
487 3442 608 3505 ἔπειθεν
622 3440 728 3506 αὐτοὺς
742 3439 784 3520 μὴ
800 3439 916 3523 ταχέως
935 3439 1090 3504 πιστεύειν
1110 3446 1174 3506 τοῖς
1197 3447 1312 3520 βουλο·

160 3543 258 3624 μένοις
281 3547 324 3611 είς
347 3546 458 3627 έχθραν
482 3547 670 3623 καταστῆσαι
685 3544 741 3622 τὴν
755 3545 856 3618 πόλιν,
876 3540 948 3606 ἀλλ’
963 3540 1197 3622 ἐπιλεξαμένους
1213 3543 1311 3610 αὗτῶν

160 3648 268 3728 ἀνδρας
283 3647 352 3715 τοὺς
367 3648 468 3734 εὐνοία
483 3645 532 3712 καί
546 3650 649 3713 πίστει
661 3646 860 3730 διαφέροντας
876 3647 1009 3712 ἐπόπτας
1019 3647 1182 3728 ἐκπέμψαι.
1222 3647 1312 3732 μέχρι

160 3755 193 3817 δέ
209 3754 263 3829 τῆς
278 3754 400 3816 ἐκείνων
416 3752 581 3832 παρουσίας
597 3750 709 3833 όμηραν
724 3749 830 3815 ἑαυτὸν
850 3747 1126 3831 κατεπηγγέλλετο,
1147 3750 1203 3815 κάν
1217 3753 1312 3839 τούτῳ

160 3854 271 3937 τριβήν
295 3881 363 3920 τινα
388 3855 499 3939 χρόνον
522 3857 665 3937 ἐμποιῶν.
709 3852 895 3918 πεισθέντων
922 3852 975 3916 οὖν
999 3854 1241 3935 Λακεδαιμονίων
1263 3853 1313 3920 καὶ

160 3959 230 4026 τοὺς
244 3958 380 4039 μάλιστα
394 3957 591 4042 διαφέροντας
606 3958 706 4044 εύνοίη
721 3953 770 4022 καὶ
786 3957 888 4022 πίστει
900 3963 960 4021 τῶν
971 3963 1105 4022 πολιτῶν
1116 3957 1313 4040 πεμψάντων,

160 4061 259 4145 λάθρα
274 4067 336 4128 τοῖς
349 4061 522 4141 Ἀθηναίοις
542 4060 664 4144 πέμψας
680 4059 848 4143 προσέταξε
862 4061 903 4141 μὴ
920 4060 1065 4142 πρότερον
1079 4059 1148 4127 τοὺς
1164 4065 1312 4127 Λακεδαι·

159 4166 273 4249 μονίων
294 4167 404 4248 ἀνδρας
426 4166 526 4230 ὀπίσω
548 4164 643 4231 πόλιν
665 4167 766 4230 ἐλθεῖν
788 4167 887 4244 ἐᾶσαι,
907 4164 977 4245 πρὶν
1000 4163 1091 4228 αὐτόν
1115 4189 1149 4228 τε
1171 4165 1223 4229 καὶ
1243 4163 1312 4234 τοὺς

160 4268 371 4352 συμπρέσβεις
387 4270 567 4333 ἀπολύσωσι
583 4267 840 4347 Πελοποννήσιοι.

205 4406 259 4463 10.
283 4395 476 4475 Frontinus,
491 4395 596 4461 Strat.
612 4396 634 4460 i.
653 4415 681 4460 1.
700 4416 760 4462 10:
783 4393 1018 4461 Themistocles
1033 4391 1211 4459 exhortam
1233 4413 1312 4459 suos

162 4498 205 4563 ad
219 4499 427 4566 suseitmdos
436 4498 633 4565 festinanter
641 4520 762 4580 muros,
771 4520 854 4586 quos
869 4498 964 4563 iussu
978 4495 1312 4564 Laoedaemoniorum
