3000 5046
152 374 229 440 νοω]
410 365 504 425 HER
530 365 688 426 ALLIES
712 366 806 425 AND
833 365 1052 426 COLONIES.
1250 381 1307 444 139

152 563 206 621 τοῦ
227 558 356 641 τείχους.
400 558 467 625 ἐπεὶ
490 560 522 624 δέ
544 559 655 638 μείζων
677 560 777 641 έτερος
799 562 912 627 στόλος
932 559 1026 641 ήλθεν
1048 563 1080 626 έκ
1097 567 1155 625 τῶν
1170 558 1308 639 Ἀθηνῶν

153 662 203 725 καὶ
218 668 375 729 παντελῶς
389 664 651 745 κατεκλείσθησαν
666 664 696 727 οί
714 662 830 744 Σάμιαι,
842 666 952 746 λαβὼν
963 667 980 728 6
992 666 1145 746 Περικλῆς
1161 663 1308 744 ἑξήκοντα

153 762 283 846 τριήρεις
307 764 457 831 ἔπλευσεν
482 768 526 833 είς
549 765 603 833 τδν
624 766 683 847 ἔξω
703 768 825 846 πόντον,
841 767 881 834 ὥς
894 767 951 847 μέν
966 770 996 831 οί
1012 772 1154 833 πλεῖστοι
1168 767 1308 851 λέγουσι,

153 871 331 933 Φοινισσῶν
354 873 429 934 νεῶν
451 870 615 952 έπικούρων
637 876 700 937 τοῖς
723 873 847 951 Σαμίοις
864 870 1121 953 προσφερομένων
1135 873 1308 951 ἀπαντῆσαι

154 971 202 1034 καὶ
218 975 459 1055 διαγωνίσασθαι
482 973 664 1056 πορρωτάτω
683 974 883 1055 βουλόμενος,
900 973 939 1040 ὡς
954 976 986 1039 δέ
1002 977 1240 1056 Στησίμβροτος,
1257 973 1307 1039 ἐπὶ

155 1075 276 1157 Κύπρον
292 1078 504 1156 στελλόμενος·
527 1079 602 1159 άπερ
617 1079 652 1143 ού
672 1082 754 1142 δοκεῖ
774 1077 903 1142 πιθανδν
918 1077 1004 1143 εῖναι.
1050 1077 1183 1162 ὁποτέρῳ
1206 1077 1231 1142 δ’
1255 1078 1309 1143 οὖν

154 1178 305 1262 ἐχρήσατο
330 1187 391 1245 τῶν
413 1187 577 1263 λογισμῶν,
600 1184 743 1264 ἁμαρτεῖν
768 1180 864 1261 έδοξε.
911 1183 1101 1249 πλεύσαντος
1128 1185 1186 1264 γὰρ
1217 1181 1308 1246 αὐτοῦ

155 1282 317 1349 Μέλισσος
332 1285 349 1347 6
365 1281 543 1366 Ἰθαγένους,
559 1284 634 1366 ἀνὴρ
654 1285 831 1367 φιλόσοφος
851 1291 1028 1367 στρατηγῶν
1042 1286 1111 1349 τότε
1126 1287 1179 1362 τῆς
1196 1283 1307 1362 Σάμου,

155 1385 387 1467 καταφρονήσας
402 1391 454 1466 τῆς
470 1386 647 1471 ὀλιγότητος
663 1393 722 1453 τῶν
733 1393 810 1453 νεῶν
821 1385 840 1467 ἣ
851 1390 905 1466 τῆς
916 1389 1052 1470 ἀπειρίας
1062 1393 1121 1451 τῶν
1133 1392 1309 1470 στρατηγῶν

155 1488 259 1553 έπεισε
274 1490 342 1557 τοὺς
357 1492 484 1558 πολίτας
499 1492 658 1558 έπιθέσθαι
667 1498 729 1559 τοῖς
740 1493 921 1571 Ἀθηναίοις.
966 1491 1016 1557 καὶ
1030 1492 1195 1575 γενομένης
1208 1491 1308 1574 μάχης

155 1591 331 1672 νικήσαντες
348 1596 376 1658 οί
393 1593 503 1673 Σάμιοι
519 1594 568 1659 καὶ
586 1595 722 1662 πολλοὺς
736 1598 792 1677 μὲν
807 1596 904 1660 αὐτῶν
919 1596 1028 1677 ἀνδρας
1044 1597 1176 1673 ἑλόντες,
1189 1596 1308 1662 πολλὰς

155 1699 188 1761 δὲ
211 1703 281 1763 ναῦς
303 1700 539 1780 διαφθείραντες,
560 1700 695 1783 έχρῶντο
722 1700 759 1785 τῇ
782 1698 928 1786 θαλάσσῃ
953 1697 1001 1763 καί
1027 1701 1223 1779 παρετίθεντο
1248 1704 1308 1763 τῶν

156 1801 326 1881 ἀναγκαίων
348 1807 421 1881 πρὸς
439 1807 492 1866 τδν
514 1803 648 1882 πόλεμον
671 1805 731 1867 ὅσα
754 1803 795 1884 μή
814 1803 959 1885 πρότερον
981 1803 1075 1885 εῖχον.
1119 1804 1178 1866 ὑπὸ
1200 1807 1233 1868 δὲ
1255 1806 1308 1866 τοῦ

157 1905 318 1968 Μελίσσου
334 1903 381 1969 καὶ
398 1906 552 1989 Περικλέα
567 1904 663 1989 φησὶν
678 1907 768 1972 αὐτὸν
783 1906 999 1990 Ἀριστοτέλης
1014 1907 1179 1987 ἡττηθῆναι
1195 1931 1308 1988 ναυμα-

156 2011 269 2089 χοΰντα
291 2010 445 2090 πρότερον.
491 2013 520 2074 οῖ
544 2012 576 2074 δέ
599 2010 707 2091 Σάμιοι
730 2011 801 2078 τοὺς
820 2013 1034 2094 αίχμαλότοας
1056 2018 1117 2076 τῶν
1139 2008 1309 2090 Ἀθηναίων

157 2112 388 2194 ἀνθυβρίζοντες
403 2114 523 2193 ἔστιζον
539 2116 582 2181 είς
597 2114 631 2177 τὸ
650 2115 788 2194 μέτωπον
808 2119 949 2199 γλαῦκας·
973 2116 1023 2178 καὶ
1044 2115 1102 2198 γὰρ
1125 2116 1257 2182 ἐκείνους
1279 2118 1309 2180 οῖ

155 2210 311 2293 Ἀθηναῖοι
337 2215 498 2295 σάμαιναν.
542 2217 560 2297 ἡ
586 2223 618 2284 δὲ
644 2217 777 2298 σάμαινα
801 2225 872 2286 ναῦς
897 2221 982 2285 έστιν
1010 2221 1165 2303 ὑόπρωρος
1189 2223 1246 2299 μέν
1274 2225 1309 2284 τδ

156 2319 286 2401 σίμωμα,
313 2321 469 2401 κοιλοτέρα
493 2323 525 2385 δὲ
552 2323 601 2386 καὶ
627 2320 832 2405 γαστροειδής,
854 2323 933 2387 ὥστε
958 2319 1007 2386 καῖ
1031 2327 1237 2404 φορτοφορεῖν
1259 2320 1308 2387 καῖ

155 2428 359 2503 ταχυναυτεῖν.
404 2425 479 2488 οὕτω
504 2424 528 2489 δ’
546 2424 707 2503 ὠνομάσθη
730 2424 779 2489 διά
802 2426 837 2490 τὸ
859 2433 977 2507 πρῶτον
1000 2427 1033 2490 έν
1056 2424 1147 2510 Σάμῳ
1167 2429 1309 2506 φανῆναι,

158 2525 371 2603 Πολυκράτους
395 2526 539 2609 τυράννου
563 2528 851 2596 κατασκευάσαντος.
897 2528 970 2611 πρὸς
992 2533 1085 2594 ταῦτα
1105 2527 1142 2592 τὰ
1158 2532 1308 2613 στίγματα

156 2627 281 2712 λέγουσι
297 2628 346 2695 καῖ
360 2630 395 2695 τὸ
410 2630 664 2713 Ἀριστοφάνειον
678 2631 808 2718 ᾐνίχθαι·

374 2735 493 2812 Σαμίων
516 2737 533 2799 6
555 2737 645 2815 δῆμός
668 2737 754 2800 ἔστιν
777 2736 815 2803 ὡς
837 2735 1096 2820 πολυγράμματος.

200 2834 268 2924 (27)
295 2839 463 2917 πυθόμενος
481 2839 507 2903 δ’
522 2840 576 2906 οὖν
591 2842 608 2904 6
625 2843 776 2923 Περικλῆς
792 2841 846 2920 τήν
862 2841 912 2905 έπὶ
927 2841 1133 2922 στρατοπέδου
1147 2838 1308 2922 συμφοράν

157 2941 283 3022 ἐβοήθει
306 2941 381 3006 κατὰ
404 2942 506 3026 τάχος.
552 2946 602 3008 καὶ
625 2949 677 3007 τοῦ
699 2946 865 3009 Μελίσσου
880 2943 955 3025 πρὸς
969 2942 1059 3009 αύτδν
1074 2941 1308 3024 ἀντιταξαμένου

157 3042 308 3126 κρατήσας
333 3046 381 3110 καὶ
402 3045 593 3128 τρεψάμενος
607 3046 675 3114 τοὺς
690 3048 851 3126 πολεμίους
867 3047 953 3113 εὐθὺς
968 3047 1176 3130 περιετείχιζε,
1190 3045 1308 3135 δαπάνη

157 3150 206 3213 καὶ
221 3150 321 3233 χρόνῳ
336 3153 456 3229 μᾶλλον
471 3147 489 3229 ἢ
502 3151 650 3232 τραύμασι
663 3149 710 3214 καὶ
722 3152 869 3218 κινδύνοις
878 3159 939 3217 τῶν
950 3158 1086 3216 πολιτῶν
1096 3148 1308 3232 περιγενέσθαι

157 3253 206 3316 καὶ
231 3257 370 3317 συνελεῖν
393 3252 448 3332 τήν
472 3255 565 3317 πόλιν
589 3255 787 3335 βουλόμενος.
834 3253 898 3319 έπεὶ
929 3257 961 3319 δὲ
991 3254 1243 3336 δυσχεραίνοντας
1272 3252 1309 3340 τῇ

156 3357 247 3442 τριβῇ
262 3357 330 3422 τοὺς
347 3355 522 3435 Ἀθηναίους
542 3358 590 3421 καὶ
604 3356 758 3442 μάχεσθαι
780 3357 1039 3439 προθυμουμένους
1060 3357 1149 3441 έργον
1163 3355 1201 3437 ήν
1217 3382 1308 3421 κατα·

158 3466 256 3543 σχεῖν,
272 3462 349 3524 όκτῶ
363 3459 439 3542 μέρη
455 3462 564 3525 διελὼν
580 3467 614 3525 τδ
635 3466 696 3526 τῶν
719 3465 836 3540 πλῆθος
857 3461 1039 3544 ἀπεκλήρου,
1054 3458 1105 3525 καὶ
1121 3461 1162 3545 τῳῖ
1177 3462 1309 3540 λαβόντι

156 3563 210 3629 τὸν
231 3565 339 3629 λευκὸν
361 3564 474 3645 κύαμον
498 3565 680 3649 εὐωχεῖσθαι
704 3569 751 3630 καὶ
775 3564 942 3648 σχολάζειν
967 3571 1093 3647 παρεῖχε
1117 3571 1178 3628 τῶν
1203 3564 1309 3630 ἀλλων

156 3668 344 3752 μαχομένων.
389 3674 435 3733 διὸ
450 3669 501 3734 καί
515 3676 595 3750 φασι
610 3669 680 3735 τοὺς
696 3672 729 3735 έν
744 3669 915 3735 εὐπαθείαις
929 3666 992 3732 τισὶ
1008 3666 1187 3751 γενομένους
1197 3667 1309 3747 λευκήν

157 3769 269 3854 ἡμέραν
284 3772 399 3849 έκείνην
414 3774 542 3836 ἀπὸτοῦ
565 3777 674 3837 λευκοῦ
697 3772 809 3853 κυάμου
826 3771 1072 3855 προσαγορεύειν.
1114 3770 1250 3853 Ἔφορος
1276 3773 1309 3835 δέ

158 3875 207 3938 καὶ
228 3880 376 3959 μηχαναῖς
398 3874 572 3959 χρήσασθαι
598 3883 651 3941 τὸν
674 3875 836 3958 Περικλέα,
850 3875 905 3954 τὴν
922 3876 1080 3954 καινότητα
1103 3875 1309 3954 θαυμάσαντα,

157 3977 343 4059 Ἀρτέμωνος
357 3986 410 4042 τοῦ
423 3984 590 4063 μηχανικοῖς
607 3981 763 4062 παρόντος,
780 3978 814 4045 δν
829 3985 933 4063 χωλδν
949 3980 1022 4043 ὄντα
1038 3977 1086 4043 καὶ
1107 3978 1219 4063 φορείῳ
1235 3983 1309 4059 πρὸς

157 4084 194 4145 τὰ
222 4082 434 4164 κατεπείγοντα
455 4092 516 4150 τῶν
538 4083 634 4167 έργων
656 4085 930 4166 προσκομιζόμενον
952 4084 1158 4164 ὀνομασθῆναι
1180 4082 1309 4164 περιφό-

156 4210 256 4267 ρητον.
300 4191 389 4251 τοῦτο
410 4190 466 4268 μέν
489 4187 542 4251 οὖν
559 4187 761 4269 Ἡρακλείδης
783 4190 800 4252 6
821 4192 969 4253 Ποντικὸς
993 4187 1117 4270 έλέγχει
1140 4191 1203 4252 τοῖς
1218 4184 1309 4251 Ἀνα-

158 4288 296 4372 κρέοντος
304 4288 480 4369 ποιήμασιν,
492 4292 525 4357 έν
534 4291 577 4356 οίς
591 4294 607 4355 6
619 4292 819 4374 περιφόρητος
829 4290 982 4373 Ἀρτέμων
991 4289 1168 4370 ὀνομάζεται
1177 4292 1309 4356 πολλαῖς

157 4393 330 4475 έμπροσθεν
353 4394 485 4473 ήλικίαις
511 4400 563 4459 τοῦ
588 4392 657 4477 περὶ
680 4394 785 4474 Σάμον
807 4393 940 4475 πολέμου
966 4391 1015 4458 καὶ
1041 4400 1102 4458 τῶν
1127 4390 1310 4475 πραγμάτων

158 4498 289 4564 ἐκείνων·
312 4498 364 4564 τὸν
383 4496 408 4565 δ’
425 4497 598 4580 Ἀρτέμωνά
613 4505 691 4580 φησι
706 4499 853 4582 τρυφερόν
868 4522 934 4562 τινα
949 4497 991 4584 τῳῖ
1007 4498 1067 4583 βίῳ
1082 4497 1131 4561 καὶ
1150 4501 1223 4578 πρδς
1239 4494 1307 4564 τοὺς
