3000 5046
255 346 296 419 96
471 345 701 403 EXTERNAL
727 345 926 405 HISTORY
949 345 1007 405 OF
1026 345 1211 416 ATHENS,
1271 354 1408 421 [clam

256 543 385 622 Κύπρου.
430 542 557 623 Κύπριοι
573 541 610 626 τῇ
624 543 697 622 ὄψει
717 547 769 606 τοῦ
791 547 982 622 βαρβαρικοῦ
1003 540 1160 624 σχήματος
1176 540 1404 622 ἐξαπατάμενοι

255 653 309 711 τὸν
332 646 444 709 στόλον
464 645 504 712 ὡς
520 647 627 726 φίλιον
644 647 851 728 ὑποδέχονται·
874 647 904 709 oi
919 649 952 709 δὲ
974 645 1146 726 ἀποβάντες
1167 643 1216 711 καὶ
1231 647 1355 729 σφόδρα
1368 671 1405 730 γε

256 752 323 815 άντὶ
344 750 511 832 βαρβάρων
531 750 686 829 Ἕλληνες
712 748 872 831 ἐφάνησαν
894 748 942 814 καὶ
970 751 1121 831 Κυπρίους
1146 752 1289 829 ἐνίκησαν
1311 752 1403 832 μείζω

254 856 310 935 τὴν
325 854 471 934 ἔκπληξιν
485 858 539 934 τῆς
554 852 706 934 δυνάμεως
721 855 853 937 ἔχοντες.

297 1021 354 1075 50.
376 1008 566 1087 Frontinus,
581 1008 686 1073 δῦναί.
702 1007 738 1074 ii.
763 1028 792 1092 9.
820 1027 878 1073 10:
911 1006 1030 1073 Cimon
1053 1008 1123 1074 dux
1138 1008 1402 1087 Atheniensium,

254 1114 345 1178 vieta
373 1112 476 1178 classe
509 1111 682 1176 Persarum
715 1111 804 1198 apud
831 1110 977 1177 insulam
1003 1111 1148 1199 Cypron,
1173 1112 1297 1179 milites
1325 1134 1402 1180 suos

253 1216 396 1304 captivis
410 1216 511 1282 armis
527 1216 638 1280 induit
649 1221 683 1280 et
695 1215 816 1280 eisdem
828 1216 1045 1281 barbarorum
1059 1216 1204 1282 navibus
1216 1218 1259 1283 ad
1274 1218 1402 1284 hostem

253 1320 429 1408 navigavit
443 1321 480 1385 in
496 1319 727 1405 Pamphyliam
741 1320 832 1406 apud
847 1321 970 1384 flumen
986 1320 1244 1406 Eurymedonta
1276 1321 1403 1400 Persae,

253 1425 311 1513 qui
332 1431 367 1491 et
389 1423 523 1511 navigia
544 1429 579 1487 et
601 1423 754 1489 habitum
774 1424 1037 1509 superstantium
1052 1424 1301 1510 adgnoscerent,
1316 1425 1404 1491 nihil

252 1533 430 1596 caverunt:
471 1527 581 1592 subito
610 1527 724 1613 itaque
754 1526 903 1614 oppressi
932 1527 1046 1594 eodem
1075 1529 1130 1593 dio
1159 1535 1194 1594 et
1222 1529 1338 1594 navali
1367 1536 1404 1595 et

252 1633 396 1721 pedestri
410 1631 535 1719 proelio
552 1631 634 1697 vieti
650 1637 739 1695 sunt.

297 1799 345 1854 51.
369 1787 489 1852 Suidas
514 1790 625 1870 Κίμων,
641 1787 821 1864 Μιλτιάδου,
837 1788 888 1852 ἐπὶ
908 1785 978 1854 τοὺς
998 1786 1055 1852 σὺν
1070 1791 1278 1864 Θεμιστοκλεῖ
1292 1797 1402 1854 κατελ·

252 1894 360 1960 θάντας
379 1892 557 1974 βαρβάρους
579 1890 796 1974 ἐστρατήγησε,
813 1892 862 1957 καὶ
882 1891 1019 1960 πλεύσας
1040 1894 1083 1959 είς
1103 1894 1225 1973 Κύπρον
1244 1895 1293 1958 καὶ
1310 1898 1399 1973 Παμ-

252 1998 364 2078 φυλίαν
380 1996 562 2078 ἐπολέμησε,
577 1997 626 2060 καὶ
646 1992 693 2060 ἐπ’
715 1995 912 2078 Εὐρυμέδοντι
933 1998 1161 2081 ποταμηῖναυσὶ
1176 1994 1224 2062 καὶ
1239 1997 1318 2083 πεζῷ
1335 1994 1403 2082 νικᾷ

252 2101 302 2167 ἐπὶ
316 2106 369 2180 τῆς
385 2101 475 2178 αύτῆς
490 2099 610 2180 ἡμέρας.

295 2261 348 2315 52.
373 2246 467 2312 Paua.
492 2268 525 2310 x.
552 2262 599 2329 15.
624 2267 665 2324 4:
699 2251 762 2312 Τὸν
784 2249 817 2311 δὲ
840 2249 964 2329 φοίνικα
991 2248 1140 2314 άνέθεσαν
1165 2245 1320 2326 Ἀθηναῖοι
1346 2254 1400 2313 τδυ

252 2359 394 2434 χαλκοῦν,
412 2354 461 2416 καὶ
480 2350 570 2416 αὐτὸν
586 2353 635 2417 καὶ
650 2351 780 2431 Ἀθηνᾶς
802 2351 926 2435 άγαλμα
948 2353 1116 2435 ἐπίχρυσον
1138 2350 1189 2417 ε’πδ
1207 2353 1248 2437 τῷ
1271 2352 1397 2434 φοίνικι,

251 2461 311 2523 άπδ
326 2462 421 2540 ἔργον
446 2458 488 2521 ὧν
508 2453 556 2520 ἐπ’
571 2455 770 2537 Εὐρυμέδοντι
792 2459 825 2521 ἐν
839 2455 934 2541 ἡμέρᾳ
949 2456 987 2543 τῇ
1001 2453 1074 2544 airy}
1088 2456 1122 2520 τὸ
1135 2459 1191 2536 μὲν
1206 2455 1292 2543 πεζῇ,
1309 2455 1345 2520 τδ
1365 2458 1400 2520 δέ

250 2560 356 2628 ναυσὶν
372 2565 405 2627 ἐν
424 2562 466 2646 τῷ
487 2561 610 2644 ποταμῷ
631 2560 841 2641 κατώρθωσαν.
884 2561 990 2625 τούτου
1012 2565 1066 2624 τοῦ
1089 2559 1262 2643 ἀγάλματος
1277 2562 1401 2643 ἐνιαχοῦ

250 2668 302 2732 τὸν
318 2665 364 2730 ἐπ’
380 2665 458 2750 αὐτῷ
469 2663 585 2747 χρυσὸν
599 2664 735 2742 ἐθεώμην
748 2664 989 2746 λελυμασμένον.
1022 2665 1082 2747 ἐγδ
1096 2667 1152 2742 μὲν
1166 2664 1202 2743 δὴ
1214 2664 1248 2728 τδ
1261 2664 1397 2745 ἔγκλημα

250 2774 280 2838 ἐς
311 2770 491 2851 κακούργους
523 2794 556 2832 τε
587 2765 662 2850 ἦγον
688 2763 737 2830 καὶ
767 2774 871 2848 φῶρας
898 2768 1083 2850 δνθροίπους·
1119 2769 1324 2846 Κλειτόδημος
1354 2768 1397 2843 δέ,

250 2876 359 2939 ὁπόσοι
382 2872 418 2936 τὰ
438 2870 607 2951 Ἀθηναίων
627 2872 774 2956 ἐπιχώρια
794 2872 934 2955 ἔγραψαν
949 2874 966 2935 δ
981 2873 1188 2957 ἀρχαιότατος,
1208 2871 1294 2938 οὗτος
1310 2873 1343 2936 ἐν
1359 2872 1401 2957 τῷ

248 2980 332 3063 λόγῳ
356 2975 434 3059 φησὶ
456 2974 496 3061 τῷ
506 2974 640 3061 Ἀττικῷ,
663 2978 714 3040 ὅτε
736 2974 892 3054 Ἀθηναῖοι
917 2976 1175 3058 παρεσκευάζοντο
1199 2972 1248 3040 ε’πὶ
1271 2977 1398 3060 Σικελίᾳ

248 3082 301 3147 τὸν
318 3083 441 3159 στόλον,
456 3081 495 3146 ὡς
510 3081 596 3146 ἔθνος
611 3105 640 3143 τι
662 3081 787 3161 ἄπειρον
809 3080 942 3161 κοράκων
964 3084 1071 3161 κατῆρε
1092 3082 1159 3145 τότε
1184 3082 1215 3147 ἐς
1242 3080 1397 3161 Δελφούς,

249 3185 296 3250 καὶ
317 3184 513 3265 περιέκοπτόν
527 3210 559 3248 τε
575 3188 626 3248 τοῦ
641 3184 816 3266 ἀγάλματος
836 3186 943 3248 τούτου
964 3182 1013 3248 καὶ
1033 3186 1229 3265 άπέρρησσον
1244 3188 1306 3249 τοῖς
1320 3181 1397 3266 ῥάμ-

249 3298 341 3370 φεσιν
357 3289 406 3351 ἀπ’
423 3289 511 3352 αι’τοῦ
526 3286 578 3351 τὸν
594 3290 718 3369 χρυσόν·
740 3289 825 3368 λέγει
841 3292 872 3353 δὲ
890 3287 937 3353 καὶ
954 3290 994 3356 ὡς
1006 3295 1041 3353 τδ
1054 3291 1126 3371 δόρυ
1138 3287 1186 3354 καὶ
1200 3287 1397 3370 τὰςγλαῦκας

250 3391 297 3458 καὶ
312 3396 384 3459 ὅσος
400 3391 513 3473 κσρπδς
535 3391 584 3456 ἐπὶ
605 3391 645 3478 τῷ
663 3394 778 3473 φοίνικι
802 3394 965 3474 ἐπεποίητο
989 3396 1021 3461 ἐς
1041 3396 1170 3475 μίμησιν
1192 3397 1244 3473 τῆς
1266 3393 1396 3474 άπάρας,

249 3497 471 3562 κατακλάσαιεν
486 3493 533 3559 καὶ
548 3500 640 3559 ταῦτα
656 3499 685 3560 oi
701 3496 834 3575 κόρακες.

291 3655 343 3709 53.
366 3641 436 3705 Ael.
448 3641 548 3705 Arist.
559 3642 608 3705 ὑπ.
618 3667 644 3705 τ.
654 3667 680 3704 τ.
693 3643 754 3725 156
763 3641 794 3706 J.
805 3640 852 3729 (ii.
863 3664 895 3729 p.
907 3661 969 3725 209
981 3640 1098 3728 Dind.)
1110 3668 1117 3707 :
1133 3640 1203 3707 Ἐπὶ
1216 3645 1248 3707 δὲ
1263 3640 1395 3723 Εὐρυμέ-

247 3754 328 3812 δοντι
350 3748 473 3830 ποταμῷ
493 3746 660 3829 ναυμαχίας
683 3744 731 3810 καὶ
747 3747 930 3828 πεζομαχίας
947 3753 1077 3828 μνημεῖα
1092 3747 1222 3825 ἔστησεν
1238 3747 1395 3827 ἀμφότερα

245 3852 341 3935 ἡμέρα
362 3853 417 3933 μιζι
440 3855 539 3913 νικῶν.
584 3852 663 3914 ὥστε
684 3854 747 3916 τοῖς
767 3850 923 3932 προτέροις
939 3852 1039 3933 ἔργοις
1060 3849 1316 3934 ἐκπεπληγμένων
1333 3855 1393 3914 τῶν

247 3961 379 4031 ποιητῶν
394 3957 457 4020 τοῖς
473 3950 517 4016 ὅτ’
533 3951 665 4037 ἐπῄεσαν
680 3957 708 4018 οἱ
723 3953 877 4036 βάρβαροι
896 3958 1088 4038 πραχθεῖσιν,
1104 3956 1184 4034 ὅμως
1199 3981 1244 4022 τις
1260 3956 1393 4034 ὕμνησεν

247 4059 345 4122 αὐτῶν
360 4059 402 4123 είς
420 4060 512 4120 ταῦτα
527 4059 664 4139 ὕστερον,
681 4058 715 4121 οὐ
731 4055 838 4136 πάντα,
854 4059 936 4121 ἆλλδ
950 4062 1020 4139 μιᾶς
1037 4083 1117 4126 τινος
1132 4056 1242 4141 ἡμέρας
1258 4058 1340 4141 ἔργα·

421 4175 455 4256 ἐξ
472 4173 532 4240 οὒτ’
557 4178 701 4258 Εὐρώπην
722 4175 830 4246 Ἀσίας
854 4180 926 4263 δίχα
948 4180 1057 4245 πόντος
1080 4179 1177 4261 ἔκρινε

462 4281 511 4344 καὶ
533 4281 644 4348 πόλιας
667 4286 783 4362 θνητῶν
805 4287 911 4364 θοῦρος
928 4280 1022 4363 Ἀρης
1044 4282 1161 4363 ἐφέπει,

418 4382 520 4448 ούδενί
539 4409 586 4449 πω
609 4385 738 4450 κάλλιον
760 4387 941 4471 ἐπιχθονίων
963 4385 1060 4469 γένετ’
1083 4389 1197 4468 ἀνδρῶν

461 4487 551 4572 ἔργον
566 4490 604 4573 ἐν
625 4488 738 4576 ἠπείρῳ
762 4489 811 4557 καὶ
834 4490 908 4556 κατὰ
930 4493 1041 4557 πόντον
1063 4491 1147 4573 ὁμοῦ.
