3000 5046
161 369 315 435 mm]
416 359 508 418 HER
534 358 689 418 ALLJES
713 358 808 416 AND
834 357 1052 418 COLONJES.
1255 374 1311 433 141

163 580 222 618 σαν
237 560 311 638 πρὸς
326 560 379 618 τὸν
392 553 529 633 βασιλέα
545 559 604 617 τῶν
616 558 746 636 Περσῶν
757 554 906 618 ἐπελθεῖν.
951 551 1000 617 καί
1015 553 1051 632 δὴ
1063 556 1152 616 τοῦτο
1167 555 1314 629 μαθόντες

161 654 317 737 Ἀθηναῖοι
333 658 462 741 τριήρεις
483 660 649 738 πολεμικὰς
675 652 741 721 κατ’
757 657 855 722 αιἰτῶν
875 656 1112 733 κατεσκεύασαν,
1130 657 1313 740 Περικλέους

162 761 404 844 εἰσηγησαμένου
433 761 539 825 αὖτῶν.
585 765 673 825 τοῦτο
702 764 735 827 δέ
763 761 911 838 μαθόντες
941 756 1049 841 Σάμιοι
1077 760 1217 843 μηχανήν
1246 787 1313 826 τινα
1336 777 1342 786 ’

162 864 389 929 κατεσκεύασαν
414 861 477 928 κατ’
504 864 608 939 αὐτῶν,
624 862 662 942 ἣν
679 864 825 943 μαθόντες
852 864 1005 941 Ἀθηναῖοι
1029 865 1089 927 ὑπό
1110 889 1190 930 τινος
1215 869 1312 948 Καρυ-

163 970 287 1034 στίωνος
311 967 511 1050 ἐφυλάξαντο,
529 970 579 1032 καὶ
599 968 729 1046 Σαμίους
751 971 807 1046 μὲν
823 973 917 1033 κακῶς
932 966 1079 1045 διέθηκαν,
1099 973 1152 1032 τὸν
1167 972 1200 1034 δὲ
1216 973 1314 1051 Καρυ-

163 1073 276 1136 στίωνα
298 1072 443 1151 έτίμησαν
466 1071 587 1154 σφόδρα
608 1070 685 1149 μετὰ
707 1076 760 1134 τοῦ
782 1069 887 1154 γένους
907 1071 957 1135 καὶ
978 1074 1030 1149 τῆς
1046 1072 1143 1137 αὐτῶν
1158 1073 1313 1139 πολιτείας

161 1175 305 1255 ἠξίωσαν.
351 1175 390 1241 ὧς
413 1175 465 1239 οὖν
487 1201 567 1240 τινος
593 1171 840 1254 ἐξαπατήσαντας
863 1172 911 1238 καὶ
934 1174 1070 1241 εἰπόντος
1101 1178 1209 1240 ἑαυτὸν
1235 1176 1314 1240 εἶναι

162 1286 215 1344 τὸν
240 1279 371 1359 μηνυτὴν
393 1284 446 1343 τοῦ
469 1275 697 1360 σκαιωρήματος
720 1287 781 1344 τῶν
804 1279 933 1360 Σαμίων,
949 1279 999 1343 καὶ
1019 1277 1068 1342 διὰ
1088 1283 1177 1343 τοῦτο
1197 1280 1313 1344 ἀπολο-

163 1384 276 1463 θέντος,
311 1381 409 1465 φησὶν
443 1384 615 1461 ὦδυνῆσθαι
652 1388 705 1445 τὸν
736 1381 943 1455 Φιλοκλέωνα,
975 1382 1014 1448 ὣς
1043 1389 1108 1448 ταῖς
1144 1384 1332 1451 καταδίκαις

162 1492 283 1569 μᾶλλον
304 1486 540 1571 χαίροντα-τὰ
563 1487 630 1569 περὶ
653 1484 755 1564 Σάμον
772 1483 811 1549 ιθ’
826 1486 887 1551 ἔτει
904 1486 1049 1570 πρότερον
1063 1485 1113 1551 ἐπὶ
1128 1488 1313 1565 Τιμοκλέους

163 1591 268 1675 γέγονε
286 1594 335 1656 καὶ
350 1594 399 1658 έπὶ
413 1598 466 1655 τοῦ
482 1590 551 1671 έξῆς
574 1592 758 1673 Μορυχίδου.
804 1591 891 1656 οὐδὲν
909 1592 1018 1657 κωλύει
1038 1597 1091 1657 τὸν
1110 1594 1199 1677 ἐχθὲς
1215 1594 1313 1675 κρινό·

162 1722 253 1776 μενον
271 1697 506 1777 θναμιμνήσκειν
523 1695 592 1761 τοὺς
618 1698 760 1761 δικαστὰς
784 1695 860 1761 ἰδίας
883 1701 962 1761 τινὸς
986 1695 1158 1778 εὐεργεσίας
1181 1701 1314 1763 παλαιᾶς

162 1800 371 1884 γεγενημένης.
415 1800 572 1878 Ἀθηναῖοι
596 1803 628 1865 δὲ
654 1799 823 1872 Μιλησίους
844 1801 1065 1882 ἐπαγαγόμενοι
1081 1799 1237 1865 ἐκάκωσαν
1259 1801 1315 1880 τὴν

165 1903 265 1985 Σάμον
280 1902 328 1968 καὶ
344 1906 512 1987 ἔμφρουρον
527 1904 682 1981 ἐποίησαν,
698 1904 753 1983 τὴν
773 1903 972 1986 δημοκρατίαν
996 1902 1242 1982 καταστήσαντες
1265 1908 1315 1970 διὰ

165 2008 356 2092 Περικλέους.
402 2009 511 2086 Σάμιοι
541 2012 572 2073 δὲ
600 2006 779 2085 άπέστησαν
807 2013 881 2090 πρὸς
907 2006 1053 2085 βασιλέα.
1107 2005 1156 2071 καὶ
1186 2009 1255 2074 τότε
1284 2010 1314 2072 ol

163 2109 319 2190 Ἀθηναῖοι
342 2110 452 2178 τελέως
477 2111 582 2177 αὐτοὺς
607 2111 865 2191 κατεπολέμησαν,
891 2116 941 2176 ἵνα
971 2108 1066 2175 πάλιν
1094 2111 1311 2195 προσηγγέλθη

165 2221 311 2300 Περικλεῖ
323 2217 371 2280 ότι
386 2217 550 2282 Φοίνισσαι
565 2218 633 2293 νῆες
650 2221 773 2298 παρεῖεν
786 2219 955 2293 βοηθοῦσαι
976 2215 1110 2293 Σαμίοις.
1155 2220 1263 2280 τοῦτον
1277 2215 1316 2282 δυ

165 2324 210 2400 εἴη
239 2321 343 2404 λέγειν
372 2326 445 2403 πρὸς
474 2319 542 2386 τοὺς
572 2319 714 2386 δικαστάς
744 2318 969 2402 θπηγγελκέναι
998 2315 1047 2382 καί
1073 2317 1235 2400 ὠφελῆσαι
1260 2318 1314 2397 τὴν

164 2426 265 2490 πόλιν.
309 2424 350 2487 V.

209 2566 286 2620 244.
310 2553 419 2621 Schol.
429 2554 487 2619 Ar.
497 2554 574 2619 Pax
590 2557 671 2637 697:
695 2553 822 2638 Λέγεται
838 2551 935 2620 δὲκαὶ
951 2555 997 2618 ὅτι
1015 2555 1047 2618 έκ
1063 2556 1115 2633 τῆς
1131 2555 1315 2637 στρατηγίας

165 2663 216 2737 τῆς
233 2663 265 2726 έν
281 2660 371 2746 Σάμῳ
386 2660 567 2744 ἠργυρίσατο
582 2657 613 2746 (ὁ
628 2661 814 2745 Σοφοκλῆς).

462 2923 598 3011 Αίίαραά
618 2920 787 3009 ιἰιγθιιειιιε
809 2919 848 3007 os
864 2920 1022 3007 Αεραιιόα.

209 3060 312 3127 Duris
327 3060 365 3125 sr.
381 3063 433 3145 58.
480 3060 541 3124 See
556 3059 661 3126 below
676 3069 738 3124 VI.
753 3070 826 3124 146.

241 3323 306 3391 ΤΙιο
327 3324 433 3391 Slare
454 3324 493 3411 os
508 3324 703 3410 Byzantion
727 3323 766 3389 ιἰι
790 3323 841 3389 the
862 3321 985 3399 Rennlt,
1008 3344 1047 3388 αα
1069 3320 1243 3388 ουῖάοπιοιί

595 3427 635 3513 by
658 3425 766 3508 Quota
787 3425 885 3491 Βίους.

210 3577 287 3630 245.
312 3565 345 3629 θ.
362 3563 392 3628 I.
410 3565 452 3628 A.
468 3565 490 3630 i.
507 3564 569 3651 238
585 3564 620 3629 ii.
638 3583 688 3632 αα.
735 3562 924 3628 Seo11.18.

210 3670 243 3732 0.
260 3669 290 3732 Ι.
307 3669 387 3733 A.i.
406 3669 504 3754 239i.
523 3684 573 3749 25.
619 3668 811 3733 See11.14.

212 3773 246 3835 θ.
263 3772 293 3835 Ι.
311 3772 353 3835 A.
368 3772 390 3835 i.
409 3792 480 3850 240.
527 3771 635 3837 Namo
651 3770 689 3836 of
701 3768 886 3855 Byzantion
904 3767 1051 3855 missing.
1097 3765 1160 3832 See
1175 3777 1223 3832 11.
1238 3779 1288 3833 15.

212 3876 243 3941 0.
263 3875 288 3939 I
287 3924 294 3939 .
310 3876 340 3939 A
368 3876 390 3943 i.
408 3896 480 3955 241.
526 3875 595 3940 The
610 3874 717 3939 whole
737 3873 774 3938 of
793 3873 851 3938 the
865 3872 1111 3953 Ἑλλησπόντιος
1126 3873 1222 3957 φόρος
1239 3872 1317 3939 lost.

168 3981 229 4045 See
243 3990 292 4044 11.
309 3991 358 4044 16.

211 4085 245 4150 0.
260 4084 291 4149 Ι.
309 4084 469 4163 A.i242
484 4084 530 4148 iv.
548 4085 599 4147 26.
644 4082 832 4150 Soe11.17.

210 4191 244 4253 0.
260 4190 291 4254 I.
308 4190 351 4254 A.
367 4190 388 4253 i.
407 4209 469 4275 243
484 4188 531 4254 vi.
551 4208 590 4256 12
604 4187 821 4275 (Kallipolis).
866 4186 927 4253 See
941 4195 991 4251 ΙΙ.
1006 4197 1057 4250 18.

211 4294 246 4358 0.
265 4292 296 4359 Ι.
312 4293 355 4357 Α.
371 4293 394 4357 i.
411 4310 473 4378 243
491 4293 535 4357 vi.
552 4312 595 4378 34
609 4288 817 4379 (Byobikos).
864 4289 926 4356 See
940 4299 1056 4379 1118.

211 4399 246 4464 θ.
261 4398 292 4462 Ι.
310 4398 353 4463 Α.
368 4399 391 4463 'n
408 4416 473 4478 244
486 4397 522 4462 ii
539 4417 581 4483 32
597 4395 822 4484 (Byzantion).
867 4394 1060 4460 Se011.1o.
