3000 5046
603 996 851 1074 CHAPTER
885 995 951 1072 IV.

558 1247 637 1299 THE
662 1247 872 1299 ATHENIAN
898 1247 998 1301 crrY.

724 1435 827 1460 —00—

383 1579 598 1648 Βαοδοταίῖοπ
619 1581 693 1647 and
715 1580 950 1667 Ροτίήίοαίῖοιι
972 1580 1012 1668 os
1029 1581 1166 1649 Δόλοπα.

246 1729 273 1783 1.
296 1719 396 1786 Τλιισ.
413 1719 434 1785 i.
453 1723 578 1809 89-933
600 1719 635 1786 ii.
655 1741 703 1807 13.
722 1737 751 1804 7.

248 1851 278 1904 2.
302 1838 410 1907 Schol.
427 1840 470 1907 ad
485 1842 586 1908 Τένου.
601 1842 636 1908 ii.
655 1862 713 1928 13:
736 1842 781 1907 ‘0
807 1840 855 1908 καί
879 1840 1064 1927 άφύλακτον]
1088 1845 1178 1925 μέρος
1201 1845 1350 1920 δηλονότι·

203 1945 339 2010 τούτεστι
355 1948 474 2011 στάδιοι
489 1948 647 2013 δεκαεπτά·
671 1948 756 2032 ὁγὰρ
771 1950 843 2015 ὅλος
859 1947 968 2014 κύκλος
983 1949 1115 2012 σταδίων
1130 1946 1167 2025 ἦν
1182 1945 1335 2026 ἑξήκοντα.

247 2077 278 2132 δ.
297 2065 395 2134 Diod.
405 2067 449 2132 xi.
459 2088 521 2154 39:
543 2067 626 2156 (Ἐπ’
640 2070 787 2153 δρχοντος
796 2068 945 2151 Ἀθήνησι
956 2068 1185 2155 Τιμοσθένους).
1218 2067 1303 2132 Κατὰ
1319 2072 1350 2133 δὲ

203 2168 258 2249 τήν
271 2168 409 2237 Ἑλλάδα
420 2173 577 2251 Ἀθηναῖοι
590 2175 646 2251 μὶν
660 2176 736 2255 μετὰ
748 2173 803 2254 τήν
818 2174 851 2238 έν
864 2177 1034 2240 Πλαταιαῖς
1050 2173 1135 2251 νίκην
1149 2172 1353 2252 μετεκόμισαν

203 2275 236 2337 έκ
248 2274 410 2355 Τροιζῆνος
422 2277 471 2340 καὶ
484 2280 656 2356 Σαλαμῖνος
670 2275 760 2340 τέκνα
775 2278 825 2342 καὶ
839 2281 982 2360 γυναῖκας
997 2278 1040 2342 εῖς
1055 2273 1107 2341 τὰς
1117 2273 1256 2355 Ἀθήνας,
1266 2274 1351 2341 εὐθὺς

203 2377 237 2441 δέ
262 2374 309 2441 καὶ
333 2378 387 2457 τήν
411 2379 502 2444 πόλιν
526 2380 729 2463 ἐπεχείρησαν
752 2381 895 2464 τειχίζειν
918 2377 967 2444 καὶ
989 2385 1048 2444 τῶν
1066 2378 1171 2443 ἄλλων
1192 2382 1252 2442 τῶν
1276 2384 1352 2460 πρὸς

204 2481 379 2564 άσφόλειαν
403 2482 574 2561 άνηκόντων
595 2484 772 2565 έπιμέλειαν
794 2487 960 2550 ἐποιοῦντο.
1000 2480 1049 2569 (2)
1072 2483 1303 2563 Λακεδαιμόνιοι
1324 2482 1350 2546 δ’

204 2585 331 2664 όρῶντες
345 2585 414 2652 τοὺς
428 2582 606 2662 Ἀθηναίους
618 2590 651 2653 έν
666 2592 731 2654 ταῖς
742 2593 891 2653 ναυτικαῖς
906 2585 1051 2666 δυνάμεσι
1067 2583 1351 2668 περιπεποιημένους

203 2686 294 2768 δόξαν
323 2688 469 2771 μεγάλην,
495 2691 696 2757 ὑπώπτευσαν
726 2691 823 2757 αύτῶν
851 2691 907 2771 τὴν
936 2688 1074 2770 αὔξησιν,
1104 2686 1153 2753 καὶ
1182 2688 1351 2771 διέγνωσαν

204 2793 331 2858 κωλύειν
356 2794 424 2862 τοὺς
446 2794 625 2874 Ἀθηναίους
651 2797 859 2877 ἀνοικοδομεῖν
887 2794 925 2859 τὸ
954 2797 1051 2878 τείχη.
1108 2791 1157 2881 (3)
1184 2793 1269 2860 εὐθὺς
1298 2792 1351 2858 οὖν

202 2895 346 2978 πρέσβεις
363 2897 539 2979 ἐξέπεμψαν
553 2900 596 2966 είς
612 2898 665 2966 τὰς
680 2897 811 2978 Ἀθήνας
821 2899 891 2966 τοὺς
903 2901 988 2983 λόγῳ
998 2902 1053 2980 μὲν
1065 2895 1351 2978 συμβουλεύσοντας

204 3000 279 3065 κατὰ
294 3008 327 3064 τὸ
342 3003 438 3084 παρὸν
453 3003 494 3082 μή
510 3004 652 3087 τειχίζειν
667 3004 722 3083 τήν
734 3006 825 3068 πόλιν
837 3007 887 3068 διὰ
902 3009 936 3068 τδ
950 3003 991 3084 μὴ
1008 3003 1174 3084 συμφέρειν
1190 2997 1272 3087 κοινῇ
1287 3003 1350 3067 τοῖς

200 3103 345 3185 Ἕλλησι·
379 3107 431 3171 τὸν
454 3107 512 3191 γὰρ
539 3106 665 3190 Ξέρξην,
691 3111 717 3174 εί
742 3108 836 3176 πάλιν
859 3108 1080 3191 παραγενηθείη
1106 3108 1182 3186 μετὰ
1206 3105 1351 3184 μειζόνων

203 3208 364 3291 δυνάμεων,
380 3210 459 3290 έξειν
476 3212 611 3290 ἑτοίμους
626 3214 732 3278 πόλεις
747 3214 972 3294 τετειχισμένας
996 3212 1079 3277 έκτὸς
1102 3207 1350 3287 Πελοποννήσου,

203 3312 240 3394 έξ
253 3316 294 3378 ὧν
309 3316 481 3396 ὁρμώμενον
500 3315 607 3400 ῥαδίως
631 3315 893 3397 καταπολεμήσειν
907 3316 976 3382 τοὺς
987 3314 1152 3392 Ἕλληνας.
1197 3312 1232 3376 ού
1247 3315 1349 3376 πειθο-

201 3419 301 3498 μένων
316 3419 340 3483 δ’
356 3419 462 3495 αιἰτῶν,
478 3421 507 3483 οῖ
521 3420 669 3500 πρέσβεις
681 3420 859 3501 προσιόντες
869 3424 931 3485 τοῖς
943 3421 1133 3497 οἰκοδομοῦσι
1145 3415 1351 3497 προσέταττον

203 3524 393 3605 άφίστασθαι
420 3529 479 3588 τῶν
505 3524 600 3607 έργων
623 3524 678 3603 τήν
704 3525 862 3606 ταχίστην.
906 3518 954 3608 (4)
985 3518 1197 3602 άπορουμένων
1227 3522 1260 3581 δὲ
1290 3523 1351 3581 τῶν

204 3625 372 3708 Ἀθηναίων
402 3628 460 3704 ό,τι
489 3629 548 3711 χρὴ
579 3627 729 3709 πράττειν,
760 3628 981 3706 Θεμιστοκλῆς,
1008 3626 1162 3707 άποδοχῆς
1188 3623 1258 3687 τότε
1281 3619 1351 3701 παρ’

202 3732 303 3799 αὐτοῖς
318 3729 475 3816 τυγχάνων
489 3735 543 3810 τῆς
557 3732 712 3813 μεγίστης,
728 3732 949 3810 συνεβούλευεν
964 3730 1048 3810 ἔχειν
1061 3726 1202 3809 ἡσυχίαν·
1226 3727 1279 3789 έδν
1293 3722 1351 3808 γὰρ

202 3834 378 3916 βιάζωνται,
399 3837 509 3919 ῥᾳδίως
535 3834 604 3901 τοὺς
625 3835 876 3913 Λακεδαιμονίους
902 3833 978 3914 μετὰ
1004 3840 1064 3897 τῶν
1091 3833 1350 3909 Πελοποννησίων

204 3938 445 4016 στρατεύσαντας
467 3939 616 4002 κωλύσειν
635 3936 740 4003 αὐτοὺς
758 3937 901 4018 τειχίζειν
915 3937 970 4015 τήν
986 3936 1087 4000 πόλιν.
1131 3931 1178 4020 (5)
1201 3935 1234 3997 έν
1256 3934 1349 4013 άπορ-

201 4041 303 4125 ρήτοις
317 4044 401 4131 δὲτῇ
423 4042 525 4129 βουλῇ
546 4047 699 4123 προεῖπεν,
723 4041 762 4108 ὡς
785 4043 873 4107 αὐτὸς
894 4043 950 4120 μὲν
971 4040 1047 4119 μετά
1066 4064 1156 4104 τινων
1174 4038 1280 4101 ἄλλων
1294 4062 1349 4100 πο-

201 4148 342 4228 ρεύσεται
363 4145 551 4226 πρεσβευτὴς
572 4147 615 4211 είς
635 4146 851 4226 Λακεδαίμονα,
866 4143 995 4223 διδάξων
1015 4143 1083 4209 τοὺς
1099 4142 1351 4222 Λακεδαιμονίους

203 4247 270 4331 περὶ
291 4255 344 4313 τοῦ
364 4254 530 4332 τειχισμοῦ,
546 4254 608 4316 τοῖς
628 4251 661 4313 δὲ
680 4247 809 4332 άρχουσι
829 4247 1044 4331 παρήγγειλεν,
1063 4249 1136 4311 όταν
1157 4248 1189 4309 έκ
1205 4245 1350 4309 Λακεδαί-

202 4379 293 4437 μονος
309 4355 423 4418 έλθωσι
440 4352 587 4433 πρέσβεις
603 4356 645 4420 είς
661 4358 713 4419 τὰς
724 4352 864 4431 Ἀθήνας,
877 4350 1096 4434 παρακατέχειν
1113 4350 1228 4428 αύτούς,
1243 4349 1298 4414 ἕως
1313 4347 1352 4414 ἂν

202 4459 290 4525 αύτδς
305 4459 338 4521 έκ
358 4460 412 4536 τῆς
427 4460 647 4539 Λακεδαίμονος
663 4455 836 4544 άνακάμψῃ,
852 4458 886 4522 έν
900 4455 1033 4541 τοσούτῳ
1048 4458 1082 4520 δὲ
1097 4455 1244 4534 πανδημεὶ
1259 4453 1351 4537 τειχί-
