3000 5046
223 376 284 436 224
450 360 537 419 THE
559 360 795 419 ΑΤΗΕΝΙΑΝ
819 360 1140 423 CONSYITUTION.
1265 372 1375 438 [GN.

222 555 336 619 τούτων
361 555 551 632 ιἰνηλίσκετο,
574 553 614 621 ὦς
637 554 819 633 Ἀνδροτίων
847 552 958 637 γράφει
988 556 1081 623 οθτως
1110 560 1202 623 “vole
1233 559 1265 621 δὲ
1294 558 1379 622 ίοῦσι

224 661 350 722 Πυθῦδε
366 662 489 739 θεωροῖς
503 656 571 724 τοὺς
587 658 774 740 κωλοκρέτας
789 659 901 722 διδόναι
915 660 948 722 έκ
960 664 1020 724 τῦυ
1031 666 1236 740 ναυκληρικῶν
1252 660 1379 741 έφόδιον

223 763 357 846 άργόριο,
374 760 424 826 καὶ
448 764 491 829 είς
511 762 592 825 άλλο
612 763 630 825 ό
649 787 679 826 τι
700 760 739 826 δν
762 763 815 848 δέῃ
838 763 1006 828 ἆναλῦσαι.
1050 765 1153 843 ταμίαι
1172 768 1206 830 δὲ
1222 762 1310 843 ἦσαν,
1327 761 1377 827 καί

223 871 413 948 προεστῶτες
428 870 481 944 τῆς
495 866 641 945 δημοσίας
656 863 836 944 σιτήσεως.”

267 997 339 1052 159.
363 986 420 1050 Ar.
442 983 534 1071 θυαμ.
551 989 633 1070 695:
659 985 701 1049 Σὺ
722 988 755 1051 δὲ
775 985 941 1070 χασκάζεις
963 987 1017 1052 τδν
1045 985 1247 1069 κωλαγρέιην·
1285 993 1321 1052 τὸ
1342 990 1375 1053 δὲ

223 1091 427 1173 πραττόμενόν
459 1117 497 1155 σε
525 1090 666 1169 λέληθεν.
711 1088 821 1155 Schol.
848 1089 896 1154 ad
921 1089 997 1156 loa:
1030 1088 1111 1178 (ἀντὶ
1136 1097 1189 1157 τοῦ
1216 1092 1377 1172 έπιτηρεῖς,

223 1196 297 1260 πότε
313 1195 388 1280 ἔλθῃ
407 1195 628 1274 όκωλακρέτης
644 1195 693 1258 καὶ
709 1195 816 1280 ένέγκῃ
832 1219 882 1257 σοι
905 1197 940 1258 τδ
959 1195 1141 1275 τριώβολον.
1186 1194 1378 1277 κωλακρέτης

224 1302 257 1364 ll
288 1303 422 1364 καλεῖται
452 1299 469 1361 δ
499 1298 635 1380 κατέχων
663 1301 700 1361 τδ
730 1296 868 1379 χρήματα
897 1303 951 1378 τῆς
981 1300 1110 1374 πόλεως,
1141 1300 1157 1362 ὁ
1186 1301 1294 1379 τομίας
1322 1303 1378 1363 τοῦ

223 1407 397 1467 δικαστικοῦ
416 1406 527 1480 μισθοῦ
547 1403 597 1467 καὶ
616 1407 676 1467 τῶν
697 1403 740 1468 είς
763 1401 848 1468 θεοὺς
865 1403 1079 1481 ἀναλωμάτων.
1125 1402 1215 1482 νόμος
1230 1404 1262 1467 δὲ
1281 1400 1317 1481 ἦν
1337 1402 1376 1467 τὰ

222 1508 450 1586 ὑπολειπόμενα
464 1510 517 1586 τῆς
529 1506 636 1573 θυσίας
650 1506 720 1573 τοὺς
732 1506 829 1587 ίερέος
845 1507 1025 1588 λαμβάνειν,
1039 1504 1151 1572 άείσιν
1165 1507 1230 1571 οἶον
1244 1504 1377 1588 δέρματα

224 1611 274 1674 καὶ
292 1607 411 1693 κωλαῖ.)

268 1741 342 1797 160.
365 1727 455 1794 Ῑδίιί.
475 1743 557 1812 724:

486 1835 544 1899 Kal
570 1838 624 1899 νῦν
646 1835 780 1918 άτεχνῦς
802 1832 898 1898 έθέλω
921 1831 1065 1918 παρέχειν

484 1938 502 2001 ό
523 1964 552 2002 τι
574 1938 684 2018 βούλει
708 1963 768 2015 σοι,

484 2042 565 2122 πλὴν
589 2041 779 2125 κωλαγρέτου
801 2041 883 2124 μάλα
905 2042 1012 2107 πίνειν.

267 2145 375 2213 Schol.
402 2145 449 2211 ad
474 2144 551 2210 loa:
577 2138 802 2232 (xlllaxplrovz
840 2150 1091 2228 Περιφραστικῶς
1120 2152 1174 2210 τδν
1200 2151 1376 2212 δικαστικὸν

223 2252 343 2330 μισθόν.
389 2249 456 2332 παρ’
481 2249 625 2314 ὑπόνοιαν
650 2248 693 2328 δέ,
718 2251 786 2315 δέον
814 2252 910 2315 είτεῖν
935 2249 1009 2335 ζφου
1037 2249 1285 2339 τινόςΗάντα
1312 2276 1376 2332 σοι,

224 2354 314 2436 φησί,
329 2356 434 2434 δίδωμι
451 2353 532 2433 πλὴν
547 2353 607 2416 άπδ
623 2353 776 2433 δημοσίων
788 2355 910 2434 τροφῆς.
956 2351 1039 2418 Ven.

266 2484 333 2538 161.
356 2473 498 2549 Bekker,
510 2471 636 2538 Amcd.
653 2471 675 2536 i.
687 2495 719 2558 p.
738 2493 806 2556 190,
815 2494 848 2536 v.
865 2489 914 2558 15,
926 2473 1111 2555 κωλακρέτοι
1122 2498 1129 2536 :
1145 2475 1186 2538 Ol
1199 2478 1375 2554 κρατοῦντες

223 2579 398 2658 δικοστικὴν
419 2577 533 2656 ζημίαν.
578 2599 610 2663 p.
634 2591 706 2659 275‚
726 2599 758 2640 v.
775 2595 834 2643 22:
857 2580 886 2641 ol
907 2582 967 2643 τῶν
991 2579 1138 2660 ἀργυρίων
1161 2579 1274 2659 ταμίαι,
1290 2579 1319 2642 οἳ
1339 2584 1374 2642 τδ

223 2681 396 2748 δικαστικὸν
413 2682 601 2762 ἔταμιεόοντο
616 2681 788 2762 τριώβολον
804 2680 853 2747 καὶ
868 2685 905 2746 τδ
921 2681 1032 2748 εἰςτὰς
1049 2681 1134 2747 θεοὺς
1149 2683 1374 2762 ἂναλισκόμενα

223 2812 370 2872 χρηματα.

266 2919 338 2973 162.
362 2906 497 2971 Suidas:
523 2905 714 2987 Κωλακρέται
737 2910 766 2971 ol
790 2907 893 2988 ταμίαι
918 2912 970 2972 τοῦ
994 2913 1168 2972 δικαστικοῦ
1190 2911 1300 2985 μισθοῦ
1324 2908 1373 2972 καὶ

222 3019 282 3077 τῶν
305 3014 348 3079 είς
370 3010 456 3077 θεοὺς
479 3010 692 3092 ἆυαλωμάτων.
747 3009 980 3093 Ἀριστοφάνης·
1012 3011 1054 3075 Σὺ
1077 3014 1110 3076 δὲ
1136 3010 1300 3095 χασκάζεις
1320 3017 1373 3075 τὸν

223 3117 422 3199 κωλακρέτην,
437 3121 470 3180 τδ
487 3119 520 3181 δὲ
535 3114 740 3195 πραττόμενόν
756 3140 793 3178 σε
808 3114 950 3194 λέληθεν.

266 3219 387 3284 Pollux
402 3218 472 3284 viii.
489 3231 541 3300 97.
587 3216 648 3282 See
664 3216 773 3283 below
788 3229 860 3283 183.

656 3412 720 3479 Ple
743 3412 943 3500 Αροιίοίιίαί.

265 3564 336 3619 168.
360 3547 491 3641 [Arist]
508 3549 606 3636 Resp.
623 3550 701 3615 Αίίι.
717 3565 771 3634 47,
787 3552 841 3631 48,
857 3565 910 3633 50,
926 3566 979 3633 52.
1025 3551 1076 3618 cf.
1097 3550 1204 3616 Βαλίε.
1221 3551 1291 3616 Λα.
1313 3550 1372 3617 Gr.

221 3658 392 3741 i.198.1;
416 3669 561 3740 427.13.

264 3788 337 3842 164.
360 3775 520 3860 ΗυΓΡους.
543 3773 741 3839 Ἀποδέκτοιτ
775 3774 872 3859 Ἀρχή
897 3777 944 3842 τίς
971 3776 1037 3839 ίστι
1063 3775 1132 3857 παρ’
1146 3775 1320 3855 Ἀθηναίοις
1343 3779 1372 3840 οί

222 3884 389 3958 δποδέκτοι,
416 3881 453 3960 ἧς
477 3877 625 3946 πολλάκις
649 3880 889 3960 μνημονεύουσιν
910 3882 939 3943 οἱ
963 3878 1087 3962 ῥήτορες
1110 3881 1159 3944 καὶ
1187 3883 1215 3944 ol
1239 3883 1371 3961 κωμικοί.

221 3985 434 4065 Ἀριστοτέλης
460 3981 484 4048 δ’
512 3986 543 4048 έν
566 3981 602 4071 τῇ
626 3983 796 4062 Ἀθηναίων
825 3984 965 4069 πολιτείᾳ
988 3982 1158 4062 δεδήλωκεν
1181 3985 1220 4050 ὥς
1245 3985 1314 4050 δέκα
1338 4009 1371 4048 τε

222 4092 336 4169 εἴησαν,
353 4089 403 4153 καὶ
418 4087 457 4154 ὥς
474 4086 706 4168 παραλαβόντες
728 4086 765 4150 τά
787 4092 975 4168 γραμματεῖα
997 4087 1206 4168 ἆπαλείφουσι
1226 4090 1263 4151 τὸ
1282 4114 1371 4152 κατα·

221 4193 403 4276 βαλλόμενα
428 4189 567 4276 χρήματα
589 4191 642 4266 τῆς
666 4192 783 4269 βουλῆς
808 4192 945 4255 εὐοντίον
967 4193 1000 4255 έν
1022 4192 1064 4276 τῷ
1085 4192 1302 4275 βουλευτηρίῳ,
1322 4190 1372 4254 καὶ

222 4298 316 4361 πάλιν
331 4295 510 4360 ἀποδιδόασι
525 4292 562 4357 τὰ
577 4299 761 4376 γραμματεῖα
776 4294 818 4379 τῷ
833 4297 975 4379 δημοσίῳ·
1000 4296 1049 4359 καὶ
1061 4296 1165 4361 ἅπλῦς
1178 4292 1371 4376 δπρόττουσι

222 4404 377 4482 διασαφεῖ.
423 4399 468 4462 ὅτι
496 4400 527 4462 δὲ
554 4398 621 4462 άντὶ
645 4401 706 4460 τῦν
731 4401 927 4478 κωλοκρετῦν
949 4399 978 4462 οἱ
1005 4396 1167 4462 ἆτοδέκται
1192 4400 1250 4463 ὑπὸ
1279 4402 1370 4462 Κλει-

222 4506 347 4572 σθένους
363 4501 599 4585 θπεδείχθησαν,
614 4497 796 4582 Ἀνδροτίων
810 4501 856 4582 β’.
