3000 5046
137 359 196 425 a}
550 351 883 412 BIOGRAPHICAL.

182 544 283 610 ἐλθεῖν
304 546 356 610 ένα
377 549 504 633 λῷστον·
537 549 604 612 ἐπεὶ
627 547 832 626 Θεμιστοκλῖη’
856 546 970 631 ἤχθαρε
993 549 1090 627 Λατοί,

180 650 330 730 ψεύσταν,
353 649 465 726 άδικον,
487 651 645 732 προδόταν,
668 649 701 717 δς
720 651 925 732 Τιμοκρέοντα
948 649 1048 731 ξεῖνον
1070 652 1147 718 ἐάντ’

181 753 334 835 ἀργυρίοις
356 758 592 834 σκυβαλικτοῖσι
614 756 750 819 πεισθεὶς
774 754 809 817 ού
832 759 962 838 κατᾶγεν

182 857 226 923 είς
248 858 364 939 πάτραν
385 858 535 938 Ἰάλυσον,

142 1019 144 1023 .
181 963 289 1043 λαβδν
311 965 343 1027 δὲ
366 963 425 1044 τρί’
449 963 589 1045 ἀργυρίου
610 960 734 1026 τάλαντ’
757 962 816 1042 έβα
839 961 943 1028 πλέων
966 965 1009 1028 είς
1032 965 1171 1045 ὄλεθρον,

181 1065 249 1132 τοὺς
270 1068 326 1145 μέν
349 1066 486 1147 κατάγων
508 1065 628 1145 ἀδίκως,
649 1066 718 1132 τοῦς
740 1063 766 1130 δ’
790 1067 948 1146 ἐκδιιύκων,
971 1066 1040 1134 τοὺς
1063 1070 1096 1132 δέ
1119 1070 1229 1132 καίνων

182 1169 328 1251 ἀργυρίων
349 1171 519 1248 ὑπόπλεως,
541 1166 662 1251 Ἰσθμοῖ
683 1169 709 1234 δ’
733 1171 913 1236 ἐπανδόκευε
935 1172 1064 1254 γελοίως
1087 1175 1192 1254 ψυχρά
1215 1170 1287 1252 κρέα

267 1294 416 1357 παρεχων·

182 1376 212 1438 οῖ
234 1374 259 1439 δ’
282 1374 391 1455 ἡσθιον
413 1379 561 1461 κηῦχοντο
583 1378 623 1458 μὴ
647 1380 727 1460 ὥραν
749 1381 977 1458 Θεμιστοκλεῦς
998 1378 1150 1460 γενέσθαι.

138 1479 217 1543 πολὺ
232 1476 257 1543 δ’
273 1480 481 1566 ἀσελγεστέρᾳ
496 1481 545 1545 καὶ
561 1481 792 1566 ἀναπεπταμένῃ
807 1485 927 1562 μᾶλλον
943 1482 985 1547 είς
1003 1486 1056 1545 τὸν
1071 1482 1288 1562 Θεμιστοκλέα

137 1584 326 1668 βλασφημίᾳ
353 1583 496 1668 κέχρηται
518 1584 593 1664 μετὰ
616 1585 672 1664 τὴν
695 1586 795 1667 φυγὴν
819 1584 910 1648 αῦτοῦ
937 1583 987 1649 καὶ
1009 1586 1064 1665 τὴν
1088 1588 1246 1663 καταδίκην
1270 1589 1286 1650 ά

136 1686 311 1768 Τιμοκρέων
326 1686 408 1774 ᾆσμα
424 1687 565 1769 ποιὴσας,
581 1689 616 1753 οῦ
631 1692 716 1753 ἐστιν
731 1686 819 1773 ἀρχή·

485 1797 595 1857 Μοῦσα
618 1797 706 1857 τοῦδε
728 1797 780 1856 τοῦ
800 1791 910 1872 μέλεος

485 1897 571 1962 κλέος
593 1897 639 1961 ἀν’
656 1895 813 1961 Ἕλλανας
835 1897 920 1974 τίθει,

484 2000 523 2066 ὡς
546 2002 643 2065 ἐοικὸς
666 1999 714 2063 καὶ
736 2001 862 2065 δίκαιον.

137 2103 262 2187 λέγεται
285 2102 311 2169 δ’
335 2106 352 2167 δ
373 2105 546 2185 Τιμοκρέων
569 2106 619 2167 ἐπὶ
640 2104 779 2188 μηδισμῷ
801 2109 910 2186 φυγεῖν
933 2105 1286 2186 συγκαταψηφισαμένου

138 2211 190 2271 τοῦ
210 2207 461 2287 Θεμιστοκλέους.
507 2208 546 2274 ὣς
569 2208 621 2273 οῦν
645 2211 661 2272 ά
687 2210 900 2288 Θεμιστοκλῆς
923 2210 1023 2272 αίτίαν
1045 2207 1120 2291 έσχε
1142 2208 1285 2287 μηδίζειν,

138 2310 219 2374 ταῦτ’
234 2310 378 2389 ἐποίησεν
400 2314 442 2376 είς
465 2311 565 2376 αὐτόν·

267 2413 331 2478 Ούκ
354 2413 413 2496 άρα
432 2414 606 2497 Τιμοκρέων
627 2421 736 2495 μοῦνος
760 2416 913 2493 Μήδοισιν
936 2416 1116 2496 ὁρκιατομεῖ,

268 2517 340 2581 ἀλλ’
362 2517 425 2584 ἐντί
450 2518 559 2583 κάλλοι
582 2519 617 2597 δὴ
639 2520 773 2600 πονηροί·

267 2623 321 2686 οῦκ
344 2624 403 2705 ἐγὼ
423 2626 500 2704 μόνα
522 2624 671 2705 κόλουρις·

267 2724 329 2791 ἐντί
353 2725 401 2792 καί
424 2729 518 2792 ἄλλαι
541 2728 706 2794 ἀλώπεκες.

182 2850 231 2898 22.
251 2831 335 2912 Ἤδη
350 2836 382 2896 δὲ
398 2835 447 2896 καὶ
462 2838 522 2898 τιῦν
539 2839 672 2897 πολιτῶν
693 2831 741 2896 διὰ
761 2838 796 2896 τδ
815 2837 941 2913 φθονεῖν
959 2831 1052 2912 ἡδέως
1068 2831 1120 2897 τὰς
1136 2830 1285 2910 διαβολάς

138 2935 342 3017 προσιεμένων
355 2934 538 3019 ἠναγκάζετο
551 2936 684 3015 λυπηρὸς
701 2936 778 3000 εἶναι
795 2944 856 2999 τῶν
874 2938 964 2999 αὐτοῦ
982 2934 1118 3016 πράξεων
1137 2936 1286 2999 πολλάκις

139 3040 172 3104 ἐν
186 3041 226 3125 τῷ
244 3038 325 3124 δὴμιρ
340 3040 541 3120 μνημονεύων·
570 3036 619 3103 καί
631 3039 703 3122 πρὸς
715 3039 781 3105 τοῦς
794 3040 1046 3124 δυσχεραίνοντας
1058 3041 1126 3103 “Τί
1135 3036 1286 3104 κοπιᾶτε”

139 3144 224 3209 εἶπεν
246 3149 263 3178 “
272 3144 330 3207 ὑπὸ
352 3149 412 3209 τῶν
434 3145 530 3208 αὐτῶν
552 3142 701 3209 πολλάκις
725 3144 757 3209 εῦ
779 3143 952 3226 πάσχοντες
966 3142 1006 3217 ,·'’
1032 3143 1140 3222 ἠνίασε
1163 3145 1195 3207 δὲ
1217 3142 1286 3210 τοὺς

139 3247 273 3314 πολλοὺς
300 3244 349 3310 καί
373 3253 407 3310 τδ
428 3251 480 3325 τῆς
498 3245 670 3329 Ἀρτέμιδος
689 3247 770 3328 ἱερὸν
794 3246 961 3325 εἱσάμενος,
982 3244 1021 3325 ἡν
1041 3245 1286 3328 Ἀριστοβούλην

137 3354 194 3432 μὲν
208 3355 462 3434 προσηγόρευσεν,
478 3351 644 3430 ὧςάριστα
665 3353 701 3439 τῇ
720 3353 810 3416 πόλει
826 3350 874 3414 καὶ
889 3356 952 3417 τοῖς
964 3349 1101 3429 Ἕλλησι
1116 3347 1285 3429 βουλευσά-

138 3480 236 3537 μενος,
259 3458 393 3535 πλησίον
415 3458 447 3520 δέ
469 3460 521 3534 τῆς
544 3455 638 3520 οἰκίας
662 3455 884 3519 κατεσκεύασεν
902 3457 935 3518 ἐν
954 3455 1073 3539 Μελίτῃ
1092 3454 1127 3517 τὸ
1147 3454 1236 3533 ἱερόν,
1252 3452 1286 3516 οῦ

138 3566 192 3625 νῦν
213 3563 251 3623 τὰ
272 3561 397 3638 σάματα
419 3565 478 3623 τῶν
501 3558 729 3641 θανατουμένων
751 3560 780 3622 οῖ
807 3556 908 3638 δήμιοι
934 3558 1149 3638 προβάλλουσι
1174 3556 1224 3619 καὶ
1248 3555 1286 3619 τά

140 3664 243 3745 ἱμάτια
265 3662 402 3730 καὶτοὺς
424 3663 559 3746 βρόχους
581 3670 642 3727 τῶν
665 3660 888 3745 ἀπαγχομένων
906 3659 954 3724 καί
979 3658 1214 3739 καθαιρεθέντων
1235 3660 1285 3722 ἐκ·
1313 3688 1320 3697 ·

139 3767 295 3848 φέρουσιν.
336 3768 433 3831 έκειτο
449 3768 482 3830 δέ
500 3765 549 3831 καί
569 3772 622 3830 τοῦ
638 3765 882 3846 Θεμιστοκλέους
903 3764 1033 3828 είκόνιον
1052 3764 1085 3827 ἐν
1103 3762 1143 3847 τῷ
1157 3762 1219 3848 ναῷ
1233 3765 1285 3841 τῆς

138 3869 378 3952 Ἀριστοβούλης
393 3871 438 3934 έτι
454 3870 518 3934 καθ’
534 3869 619 3951 ἡμᾶς·
650 3870 699 3933 καὶ
718 3869 859 3950 φαίνεταί
876 3892 920 3933 τις
936 3867 970 3931 οῦ
985 3867 1040 3945 τὴν
1057 3866 1163 3949 ψνχὴν
1182 3867 1286 3947 μόνον,

139 3970 286 4037 ἀλλὰκαὶ
305 3974 360 4053 τὴν
378 3975 453 4056 ὄψιν
470 3974 596 4054 ἡρωϊκὸς
616 3975 788 4055 γενόμενος.
833 3973 955 4051 τὸνμὲν
974 3970 1026 4034 οῦν
1046 3969 1286 4051 ἐξοστρακισμὸν

139 4075 321 4154 ἐποιήσαντο
334 4077 397 4140 κατ’
409 4077 500 4141 αὐτοῦ
513 4078 689 4144 κολούοντες
704 4082 739 4139 τδ
755 4076 871 4156 ἀξίωμα
886 4077 934 4141 καὶ
946 4076 1002 4155 τὴν
1012 4071 1171 4157 ῦπεροχὴν,
1183 4074 1286 4153 ὥσπερ

139 4179 285 4243 εῖιύθεσαν
301 4182 351 4245 ἐπὶ
366 4180 496 4260 πάντων,
512 4179 563 4247 οῦς
579 4180 672 4266 ᾤοντο
690 4182 727 4268 τῇ
746 4180 867 4259 δυνάμει
884 4183 989 4261 βαρεῖς
1006 4179 1056 4242 καὶ
1071 4182 1144 4258 πρδς
1161 4177 1286 4255 ἰσότητα

138 4285 356 4364 δημοκρατικὴν
366 4284 569 4367 ἀσυμμέτρους
580 4284 662 4348 εἶναι.
696 4286 823 4349 κόλασις
834 4286 892 4366 γὰρ
903 4282 954 4347 οῦκ
967 4282 1003 4362 ἡν
1013 4284 1029 4345 δ
1039 4279 1286 4363 ἐξοστρακισμός,

139 4388 221 4450 ἀλλὰ
238 4390 409 4468 παραμυθία
427 4390 543 4471 φθόνου
563 4385 611 4453 καί
630 4393 796 4469 κουφισμὸς
813 4386 961 4466 ἡδομένου
977 4388 1018 4470 τῷ
1039 4389 1200 4449 ταπεινοῦν
1217 4383 1285 4450 τοὺς

138 4492 338 4575 ὑπερέχοντας
350 4492 399 4556 καὶ
414 4494 469 4570 τὴν
483 4490 661 4572 δυσμένειαν
676 4493 718 4558 είς
734 4491 844 4571 ταύτην
859 4490 914 4570 τὴν
929 4489 1051 4570 ἀτιμίαν
1064 4486 1277 4553 ἀποπνέοντος.
