3000 5046
165 387 274 453 men]
560 375 893 436 BJOGRAPHJCAL.
1257 389 1317 452 253

1086 505 1318 517 -—-———

167 574 310 654 ἀπεκρίθη
333 578 398 640 τοῖς
421 573 682 650 Πελοποννησίοις
705 573 746 651 μὴ
769 573 858 637 ὅσιον
881 571 958 635 εῖναι
981 574 1116 635 ἐκδοῦναι
1138 577 1191 637 τδν
1207 571 1317 650 ἱκέτην.

166 676 213 765 (3)
237 679 303 742 ὅδὲ
325 681 548 757 Θεμιστοκλῆς,
565 677 617 739 οῦκ
639 678 719 758 ἔχων
739 677 813 739 ὅπου
827 675 1025 757 ὑποστρέφει,
1042 677 1091 740 ἐπὶ
1111 675 1166 754 τῆν
1183 675 1319 756 Περσίδα

167 784 265 847 ἔπλει.
309 781 496 845 ἐκινδύνευσε
511 784 544 844 δέ
560 778 608 844 καὶ
623 779 727 843 πλέων
743 781 858 843 ἀλῶναι
871 781 919 843 καὶ
931 782 1177 862 παραληφθῆναι.
1215 776 1320 858 Νάξον

168 888 225 966 γὰρ
259 885 500 966 πολιορκούντων
532 889 590 948 τῶν
619 883 795 960 Ἀθηναίων,
824 882 842 961 ἡ
877 888 948 950 ναῦς
978 888 1031 947 τοῦ
1061 882 1319 962 Θεμιστοκλέους,

166 994 316 1072 χειμῶνος
342 987 565 1070 ἐπιγενομένου,
588 985 759 1070 προσήγετο
782 989 817 1073 τῆ
843 985 944 1070 Νάξῳ.
991 988 1007 1049 δ
1035 990 1067 1050 δέ
1095 989 1319 1065 Θεμιστοκλῆς,

167 1094 308 1159 δεδοικῖις
328 1091 444 1173 μήποτε
465 1092 632 1179 συλληφθῇ
647 1092 705 1154 ύπδ
725 1096 785 1155 τῶν
798 1088 976 1169 Ἀθηναίων,
991 1090 1141 1170 ἠπείλησε
1155 1090 1197 1174 τῷ
1213 1096 1320 1171 κυβερ·

168 1195 241 1282 νήτῃ
257 1194 431 1276 ἀναιρήσειν
445 1196 543 1270 αὐτόν,
560 1195 641 1275 εἰμὴ
667 1193 787 1276 ἀντέχοι
809 1200 873 1261 τοῖς
897 1195 1074 1273 πνεύμασιν.
1119 1195 1136 1257 ὁ
1157 1197 1191 1257 δέ
1212 1201 1319 1274 κυβερ-

168 1299 268 1378 νήτης,
284 1300 386 1366 δείσας
401 1300 456 1378 τῆν
472 1298 612 1378 ἀπειλήν,
629 1300 769 1380 ὥρμησεν
784 1296 833 1362 ἐπὶ
850 1297 948 1362 σάλον
963 1299 1053 1362 νύκτα
1070 1299 1118 1361 καὶ
1132 1297 1254 1379 ἡμέραν,
1272 1297 1322 1361 καῖ

169 1404 299 1485 ἀντέσχε
313 1408 377 1469 τοῖς
392 1403 522 1480 ἀνέμοις.
569 1400 617 1466 καὶ
637 1404 714 1466 οῦτω
731 1405 945 1482 Θεμιστοκλῆς
961 1400 1121 1468 διασωθεὶς
1137 1401 1321 1482 παρεγένετο

170 1510 213 1574 είς
232 1508 287 1586 τῆν
303 1507 448 1582 Περσίδα.
493 1504 542 1593 (4)
564 1504 613 1570 καλ
637 1505 754 1587 Ξέρξην
773 1509 829 1585 μὲν
844 1507 878 1570 σύ
895 1507 1063 1586 κατέλαβεν
1079 1507 1181 1583 ζῶντα,
1196 1504 1322 1586 Ἀρταξ·

171 1605 259 1686 έρξην
274 1610 305 1670 δὲ
324 1612 374 1671 τὸν
389 1606 456 1670 υῖδν
470 1606 569 1685 αὐτοῦ,
586 1604 609 1692 ᾧ
626 1607 677 1671 οῦκ
695 1607 890 1687 ένεφανίσθη·
914 1604 995 1668 ἀλλὰ
1010 1605 1171 1687 διατρίψας
1184 1604 1323 1669 ἐνιαυτὸν

171 1708 219 1774 καὶ
234 1711 339 1790 μαθὼν
354 1711 409 1789 τῆν
425 1711 580 1791 Περσικήν
594 1717 752 1793 γλῶσσαν,
768 1711 837 1774 τότε
852 1709 1034 1790 παρεγένετο
1046 1715 1121 1789 πρὸς
1131 1707 1322 1791 τδνἈρταξ-

171 1812 267 1894 έρξην,
285 1815 332 1876 καὶ
346 1814 519 1893 ὑπέμνησεν
535 1815 624 1879 αὐτὸν
641 1821 701 1879 τῶν
721 1814 901 1897 εὐεργεσιῶν
919 1812 955 1878 ἀς
975 1813 1072 1876 έδόκει
1094 1816 1323 1877 κατατεθεῖσθαι

171 1920 214 1983 είς
237 1924 290 1981 τδν
314 1917 425 1997 πατέρα
450 1919 538 1982 αὐτοῦ
565 1919 693 1998 Ξέρξην,
715 1917 815 1996 λέγων
838 1917 886 1980 καὶ
912 1919 966 1995 τῆς
993 1917 1141 1996 σωτηρίας
1168 1915 1246 2001 αύτῷ
1271 1942 1323 1999 γε·

170 2025 318 2101 γενῆσθαι
336 2023 432 2088 αίτιος
452 2020 616 2106 [ἐνδε]ι’ξα(ς
632 2023 738 2086 λύσειν
755 2020 824 2087 τοὺς
837 2019 1007 2104 Ἔλλ)ηνας
1029 2026 1064 2084 τδ
1089 2020 1207 2103 ζεῦγμα.
1250 2021 1323 2084 ύπέ-

172 2150 267 2207 σχετο
285 2125 327 2202 δέ,
345 2127 372 2189 εί
387 2124 481 2206 λάβοι
497 2127 626 2207 στρατὸν
641 2126 710 2208 παρ’
727 2125 826 2203 αὐτοῦ,
842 2124 1051 2207 χειρώσασθαι
1071 2124 1138 2190 τοὺς
1156 2123 1323 2202 Ἕλληνας.

172 2226 221 2314 (5)
252 2230 269 2291 ὁ
299 2232 331 2292 δέ
362 2227 572 2311 Ἀρταξέρξης,
607 2231 776 2312 προσσχὼν
804 2235 867 2295 τοῖς
897 2227 1072 2310 εἰρημένοις,
1106 2229 1217 2292 ἔδωκεν
1245 2228 1326 2314 nicei

173 2338 302 2414 στρατὸν
329 2330 377 2396 καὶ
403 2338 483 2416 τρεῖς
508 2335 614 2400 πόλεις
637 2336 679 2398 είς
702 2336 861 2415 χορηγίαν,
877 2333 1059 2414 Μαγνησίαν
1081 2335 1137 2412 μέν
1160 2333 1204 2398 είς
1228 2335 1324 2408 σῖτον,

173 2434 343 2517 Λάμψακον
359 2439 391 2500 δέ
407 2438 449 2502 είς
466 2436 556 2513 οἶνον,
566 2441 708 2500 Μυοῦντα
722 2441 754 2500 δέ
771 2439 814 2503 είς
830 2439 919 2518 ὅφον.
945 2437 1054 2515 λαβὼν
1065 2439 1098 2499 δὲ
1111 2436 1327 2514 Θεμιστοκλῆς

174 2537 222 2603 καῖ
237 2542 478 2622 παραγενόμενος
493 2542 537 2606 είς
554 2542 748 2622 Μαγνησίαν,
760 2541 849 2623 ἐγγὺς
860 2539 916 2618 ἤδη
929 2540 1090 2622 γενόμενος
1101 2542 1154 2618 τῆς
1164 2535 1325 2620 Ἑλλάδος,

172 2643 364 2722 μετενόησεν,
380 2642 435 2724 ούχ
451 2641 642 2722 ἡγησόμενος
664 2648 728 2708 δεῖν
746 2647 891 2720 πολεμεῖν
908 2647 971 2708 τοῖς
989 2642 1167 2722 ὁμοφύλοις·
1199 2640 1278 2705 θύων
1292 2643 1326 2705 δέ

174 2749 209 2831 τῆ
226 2745 420 2833 Λευκοφρύνῃ
436 2745 594 2826 Ἀρτέμιδι,
617 2745 830 2826 σφαττομένου
846 2747 964 2828 ταύρου,
979 2747 1124 2829 ὑποσχὼν
1142 2744 1258 2827 φιάλην
1277 2746 1327 2810 καῖ

174 2849 338 2929 πληρώσας
353 2850 487 2930 αίματος,
506 2851 592 2914 ἔπιεν
607 2851 656 2914 καὶ
672 2850 879 2928 ἐτελεύτησεν.

220 3023 274 3077 34.
298 3011 352 3077 Id.
366 3013 410 3077 xi.
423 3011 436 3089 (
437 3035 466 3099 p.
482 3011 552 3100 13):
575 3016 616 3078 Oi
632 3016 664 3076 δέ
675 3011 837 3090 Ἕλληνες,
851 3010 906 3097 (ού)
920 3013 1043 3094 γνόντες
1057 3016 1156 3088 ταῦτα,
1170 3010 1328 3092 ἐξεδίωκου

174 3124 227 3181 τδν
244 3124 373 3199 στρατὸν
393 3123 446 3181 τδν
466 3117 527 3198 ἅμα
549 3120 590 3203 τῷ
608 3121 822 3199 Θεμιστοκλεῖ,
837 3115 912 3202 (καὶ)
928 3117 1166 3199 παραγενόμενοι
1184 3119 1216 3179 δὲ
1235 3118 1327 3198 ἐγνω-

176 3248 236 3287 σαν
252 3224 301 3286 καὶ
317 3221 591 3302 ὰντεπεοτράτευον
606 3223 647 3304 τῷ
661 3219 852 3306 Ἀρταξέρξῃ.
887 3221 997 3287 εὐθέως
1011 3246 1044 3284 τε
1059 3219 1112 3287 τὰς
1128 3219 1263 3286 Ἰωνικὰς
1279 3217 1328 3284 καῖ

176 3328 229 3390 τὰς
246 3328 355 3389 λοιπὸς
370 3325 475 3390 πόλεις
490 3321 671 3401 Ἔλληνιδας
686 3324 868 3404 ῆλευθέρουν
883 3323 1050 3404 Ἀθηναῖοι.

221 3487 273 3540 ³5.
291 3474 389 3540 Corn.
406 3475 489 3561 Nep.
506 3475 615 3540 Πιοπι.
634 3476 671 3538 8:
699 3475 824 3539 Tamen
838 3495 906 3539 non
922 3473 1039 3559 effugit
1054 3475 1178 3539 civium
1194 3496 1329 3539 suorum

177 3578 347 3643 invidiam
390 3599 534 3663 namque
557 3578 599 3643 ob
620 3578 762 3643 cundem
784 3579 947 3657 timorem,
971 3599 1035 3663 quo
1059 3577 1235 3642 dcmnstus
1258 3585 1330 3645 erat

177 3682 353 3760 Miltiades,
371 3681 569 3746 testularum
588 3682 754 3766 suffragiis
775 3703 792 3746 e
813 3680 950 3746 civitate
965 3679 1090 3746 eiectus
1104 3683 1212 3767 Argos
1235 3679 1330 3745 hebi·

177 3794 288 3852 tntum
309 3786 479 3850 concessit.
523 3785 572 3873 (υ)
588 3785 643 3850 hic
657 3807 734 3851 cum
753 3791 889 3872 propter
909 3785 1031 3850 multos
1048 3783 1188 3849 virtutes
1208 3806 1331 3872 magno

178 3913 253 3957 oum
266 3890 428 3976 dignitate
440 3889 578 3969 viveret,
591 3890 840 3954 Lacedaemonii
856 3889 982 3975 legatos
993 3887 1142 3952 Athenas
1158 3889 1329 3967 miserunt,

179 3996 326 4079 quicum
342 3994 511 4058 absentem
528 4000 729 4072 accusarent,
741 3993 829 4079 quod
845 3993 1036 4058 societatem
1051 4012 1127 4056 cum
1141 4014 1217 4079 rege
1233 3993 1330 4059 Perse

179 4097 222 4161 ad
245 4097 415 4162 Graeciam
441 4098 692 4184 opprimendam
714 4096 854 4162 fecisset.
898 4094 947 4182 (3)
968 4095 1031 4161 hoc
1052 4095 1190 4161 mimine
1212 4097 1331 4162 sbsens

180 4201 359 4265 demontus
380 4207 440 4265 est.
485 4201 521 4264 id
541 4207 579 4266 ut
598 4201 739 4280 audivit,
755 4201 843 4286 quod
861 4222 930 4265 non
950 4201 1031 4265 sctis
1046 4206 1160 4265 tutum
1179 4221 1213 4264 ss
1231 4200 1332 4287 Argis

180 4303 326 4381 videbat,
339 4303 521 4390 Corcyram
537 4304 747 4390 demigravit.
782 4305 830 4368 ibi
846 4326 920 4370 oum
936 4303 1007 4369 eius
1021 4302 1187 4389 principes
1197 4302 1332 4368 ιἰιιιιῖαι

180 4406 470 4472 animadvertisset
485 4410 610 4486 timere,
625 4429 667 4472 ne
683 4413 818 4493 propter
835 4429 870 4471 se
885 4406 1010 4471 bellum
1025 4405 1066 4472 iis
1081 4406 1332 4473 Lacedaemonii

181 4516 215 4574 et
244 4509 460 4575 Athenienses
489 4511 683 4591 indicerent,
709 4512 753 4577 ed
782 4511 975 4592 Admetum,
1001 4511 1182 4577 Molossum
1210 4529 1331 4596 regem,
