3000 5046
167 341 228 404 280
570 339 904 407 BIOGRAPHICAL.
1202 370 1345 437 [02st

168 471 1349 507 ἡ

169 546 288 609 παιδιᾶς
304 548 341 609 τδ
356 553 459 628 πρῶτα
472 543 659 657 γέγραπται,Α
664 539 811 603 τοσοῦτόν
826 541 855 623 γ’
871 544 1009 627 ἱστορίας
1025 552 1158 634 ένεστιν,
1173 557 1225 623 ότι
1240 559 1344 640 δόξαν

169 645 233 727 εἶχε
255 650 346 710 τδ’
307 675 430 732 γυναιον
448 648 536 715 έπῖ
519 642 659 732 ρητορικῇ
679 647 807 711 πολλοῖς
820 642 991 728 Ἀθηναίων
1011 655 1141 735 ὁμιλεῖν.
1188 663 1342 742 φαίνεται

169 749 272 831 μέντοι
286 758 406 832 μᾶλλον
421 749 546 838 ἐρωτική
562 775 608 815 τις
623 747 641 827 ἡ
657 772 709 811 του
695 748 906 829 Περικλέους
922 754 1077 837 ἀγάπησις
1091 764 1246 846 γενομένη
1258 775 1339 848 πρὸς

168 850 350 924 ’.Ασπασίαν
395 859 432 940 ἦν
456 863 513 939 μέν
541 854 600 942 γάρ
626 846 704 937 αύτῷ
729 853 804 935 γννδ
828 856 1026 937 προσήκουσα
1050 866 1108 941 μὲν
1132 866 1213 931 κατὰ
1232 870 1338 953 γένος,

170 961 393 1043 σννιρκηκυῖαδ’
404 961 562 1049 Ιππονίκιρ
578 959 732 1044 πρότερον,
745 954 829 1035 ξου
841 963 981 1027 Καλλίαν
997 964 1082 1030 έτεκε
1093 966 1148 1032 τὸν
1163 974 1335 1041 πλούσιον·

169 1063 252 1128 ἔτεκε
272 1066 305 1128 δέ
327 1063 376 1131 καί
398 1072 477 1150 παρὰ
499 1095 539 1154 τω
522 1063 701 1148 Περικλεῖ
715 1058 894 1126 Ξάνθιππον
915 1063 965 1129 καί
980 1067 1138 1150 Πάραλον.
1184 1075 1255 1141 εἶτα
1278 1081 1337 1158 τῆς

89 1166 93 1178 '
170 1167 370 1250 συμβιώσεως
386 1171 438 1236 οὐκ
453 1173 545 1252 ούσης
561 1171 661 1236 αὐτοῖς
677 1167 941 1249 άρεστῆς,έκείνην
951 1173 1008 1249 μέν
1024 1171 1116 1260 ἑτέρῳ
1130 1182 1336 1264 βουλομένην

66 1265 68 1269 ’
170 1269 382 1354 συνεξέδωκεν,
401 1276 490 1345 αύτδς
510 1279 544 1343 δὲ
565 1276 620 1355 τὴν
635 1270 808 1336 Ἀσπασίαν
828 1273 939 1351 λαβὸν
960 1274 1086 1358 ἔστερξε
1107 1284 1334 1363 διαφερόντως,

170 1379 219 1443 καὶ
235 1379 292 1459 γὰρ
308 1375 406 1459 έξιιίν,
422 1382 462 1449 ὥς
477 1389 565 1463 φασι,
582 1380 631 1445 καὶ
647 1376 750 1444 είσιδν
765 1372 816 1439 ἀπ’
832 1375 944 1458 ἀγορᾶς
959 1377 1114 1459 ἠσπάζετο
1130 1382 1196 1448 καθ’
1212 1385 1335 1471 ἡμέραν

169 1481 262 1561 αὐτὴν
281 1482 356 1560 μετὰ
378 1490 430 1549 τοῦ
450 1490 638 1567 καταφιλεῖν.
684 1482 716 1546 έν
733 1483 767 1547 δέ
786 1482 851 1546 ταῖς
873 1482 1042 1567 κωμῳδίαις
1059 1484 1207 1568 Ὀμφάλη
1223 1514 1259 1556 τε
1273 1496 1334 1560 νέα

171 1584 218 1652 καὶ
234 1585 399 1666 Δηϊάνειρα
414 1587 462 1654 καί
477 1588 570 1656 πάλιν
580 1587 665 1669 Ἦρα
679 1581 944 1671 προσαγορεύεται.
981 1591 1129 1668 Κρατῖνος
1144 1588 1171 1655 δ’
1185 1592 1333 1678 ἄντικρυς

170 1690 331 1771 παλλακὴν
347 1693 440 1772 αὐτὴν
454 1695 571 1776 είρηκεν
586 1695 620 1758 έν
635 1691 758 1757 τούτοις·

339 1795 441 1879 Ἥραν
461 1797 496 1863 τέ
518 1800 547 1862 οί
568 1795 743 1861 Ἀσπασίαν
764 1794 857 1858 τίκτει
879 1796 1122 1878 Καταπυγοσύνη

343 1902 505 1981 παλλακὴν
527 1902 686 1966 κυνώπιδα

171 2008 254 2070 δοκεῖ
279 2005 312 2067 δὲ
343 2001 392 2068 καί
420 2005 473 2070 τὸν
500 2006 589 2070 νόθον
615 2006 648 2069 έκ
677 2002 784 2082 ταύτης
812 2007 972 2080 τεκνῶσαι,
997 2000 1066 2085 περί
1093 2004 1128 2068 οὗ
1158 2010 1328 2089 πεποίηκεν

171 2109 306 2174 Εὔπολις
322 2111 355 2174 έν
370 2107 486 2189 Δήμοις
501 2108 592 2174 αὐτὸν
606 2109 661 2190 μὲν
677 2107 768 2172 ούτως
785 2106 949 2187 ἐρωτῶντα·

343 2211 381 2276 ‘0
404 2214 491 2279 νόθος
514 2212 548 2276 δέ
568 2236 619 2291 μοι
643 2209 700 2298 ζῇς

171 2321 223 2381 τδν
239 2316 271 2379 δὲ
288 2316 466 2397 Μυρωνίδην
482 2315 725 2398 ἀποκρινόμενον·

733 2416 792 2480 Καὶ
813 2411 908 2479 πάλαι
930 2415 959 2498 γ’
980 2415 1019 2481 δν
1040 2416 1077 2498 ἦν
1100 2419 1183 2502 άυήρ,

346 2524 373 2586 εί
393 2522 434 2603 μὴ
457 2522 492 2587 τδ
513 2525 566 2601 τῆς
587 2523 699 2606 πόρνης
720 2519 892 2601 ύπωρρόδει
914 2520 1014 2585 κακόν.

171 2626 248 2689 οθτω
271 2629 304 2689 δὲ
327 2625 381 2705 τὴν
402 2625 575 2691 Ἀσπασίαν
596 2626 768 2707 ὀνομαστὴν
789 2621 838 2688 καὶ
862 2623 984 2704 κλεινὴν
1004 2624 1146 2707 γενέσθαι
1168 2629 1325 2713 λέγουσιν,

171 2729 250 2793 ὥστε
274 2725 322 2793 καί
346 2734 444 2812 Κῦρον
465 2734 518 2793 τὸν
544 2730 759 2809 πολεμήσαντα
783 2730 913 2808 βασιλεῖ
932 2729 1002 2811 περὶ
1026 2733 1080 2809 τῆς
1106 2738 1167 2798 τῶν
1190 2738 1325 2816 Περσῶν

171 2832 333 2915 ἡγεμονίας
362 2834 418 2913 τὴν
447 2831 646 2915 ἀγαπωμένην
674 2829 723 2897 ὑπ’
752 2833 841 2897 αὐτοῦ
869 2830 1005 2914 μάλιστα
1033 2837 1095 2900 τῶν
1124 2841 1324 2906 παλλακίδων

173 2935 347 3002 Ἀσπασίαν
369 2938 519 3017 ὀνομάσαι
542 2934 727 3019 καλουμένην
750 2936 858 3000 Μιλτιδ
884 2937 1036 3018 πρότερον.
1082 2938 1120 3019 ἦν
1145 2944 1178 3005 δὲ
1201 2944 1324 3012 Φωκαῒς

171 3046 207 3105 τὸ
235 3040 331 3120 γένος,
355 3037 531 3121 Ἑρμοτίμου
561 3038 700 3122 θυγάτηρ·
739 3040 772 3103 έν
800 3040 832 3103 δὲ
863 3037 899 3125 τῇ
926 3037 1011 3126 μάχῃ
1041 3042 1140 3124 Κύρου
1173 3045 1324 3115 πεσόντος

172 3145 345 3225 ἀπαχθεῖσα
368 3148 441 3224 πρὸς
463 3141 599 3214 βασιλέα
624 3148 772 3208 πλεῖστον
793 3144 914 3227 ίσχυσε.
957 3148 1051 3208 ταῦτα
1075 3148 1132 3228 μὲν
1153 3149 1324 3216 ἐπελθόντα

171 3248 207 3334 τῇ
228 3244 327 3335 μνήμη
348 3246 424 3312 κατὰ
445 3245 500 3326 τὴν
522 3246 643 3329 γραφὴν
666 3247 848 3311 άπάσασθαι
871 3247 920 3312 καὶ
943 3253 1106 3329 παρελθεῖν
1127 3252 1203 3318 ίσως
1225 3252 1322 3319 άπάν-

171 3355 292 3433 θρωπον
307 3349 352 3431 ἦν.

216 3452 407 3520 Continuod
422 3453 528 3520 above
543 3462 612 3517 111.
629 3463 705 3520 2³9.

215 3584 288 3640 142.
310 3574 395 3641 Pht.
414 3573 542 3641 Μοιιαεο.
565 3573 686 3659 235E:
718 3578 951 3638 ΣΩΚΡΑΤΗΣ.
983 3577 1043 3641 Καὶ
1065 3575 1131 3658 ἐμοὶ
1152 3580 1208 3658 μέν
1228 3607 1275 3663 γε,
1298 3580 1322 3647 ὦ

172 3678 336 3759 Μενέξενε,
358 3680 443 3747 οὐδὲν
466 3683 639 3759 θαυμαστὸν
669 3679 721 3764 οίιρ
748 3677 773 3742 τ’
798 3678 874 3743 εἶναι
901 3681 1005 3756 εἰπεῖν,
1030 3678 1054 3766 ᾦ
1075 3681 1219 3765 τυγχάνει
1240 3686 1321 3750 διδά-

172 3790 287 3850 σκαλος
304 3783 382 3848 οῢσα
403 3783 438 3847 οὗ
460 3782 539 3846 πάνυ
561 3783 663 3863 φαύλη
686 3779 756 3864 περί
776 3783 941 3865 ῥητορικῆς,
958 3781 1029 3847 ἀλλ’
1043 3785 1119 3867 ἥπερ
1140 3788 1189 3850 καὶ
1207 3788 1322 3857 άλλους

171 3887 306 3951 πολλοὺς
327 3883 375 3951 καί
393 3884 522 3968 ἀγαθοὺς
545 3886 693 3963 πεποίηκε
713 3883 850 3969 ῥήτορας,
866 3885 919 3951 ένα
940 3888 973 3951 δὲ
994 3884 1043 3950 καί
1065 3888 1248 3972 διαφέροντα
1261 3898 1323 3959 τιῖν

169 3985 341 4069 Ἑλλήνων,
363 3987 516 4070 Περικλέα
538 3987 591 4052 τὸν
614 3989 801 4053 Ξανθίππου.
848 3991 1118 4055 ΜΕΝΕΞΕΝΟΣ.
1145 3993 1202 4061 Τίς
1224 3996 1321 4073 αότηι

170 4088 190 4172 ἣ
206 4094 302 4170 δῆλον
317 4092 364 4157 ὅτι
378 4090 554 4156 Ἀσπασίαν
568 4090 670 4175 λέγεις
684 4117 696 4168 ,·

216 4192 325 4260 Βολοί.
346 4194 393 4260 ad
414 4193 472 4260 loc.
491 4189 678 4284 Ἀσπασίαν]
700 4196 773 4272 αθτη
793 4191 945 4279 Ἀξιόχου,
965 4197 1113 4277 Μιλησία,
1135 4200 1208 4282 γυνὴ
1230 4206 1321 4282 Περι·

172 4296 288 4374 κλέους,
314 4297 395 4376 παρά
416 4298 568 4380 Σωκράτει
593 4303 872 4381 πεφιλοσοφηκυῖα,
898 4299 937 4365 ὦς
964 4301 1116 4382 Διόδωρος
1138 4305 1170 4367 έν
1191 4305 1232 4389 τῷ
1253 4309 1324 4388 περὶ

172 4398 314 4481 Μιλήτου
339 4401 549 4487 συγγράμματι
574 4404 681 4485 φησίν.
719 4400 891 4486 έπεγήματο
911 4407 945 4470 δὲ
966 4403 1042 4484 μετὰ
1063 4410 1116 4469 τὸν
1140 4411 1323 4489 Περικλέους

172 4498 304 4571 'hm
330 4510 479 4573 Λυσικλεῖ
506 4500 548 4593 τῷ
571 4504 844 4592 προβοτοκαπήλῳ,
873 4503 922 4572 καί
950 4505 988 4588 έξ
1014 4505 1105 4573 αύτοΰ
1133 4509 1228 4594 έσχεν
1255 4513 1323 4579 υίδν
