3000 5046
170 387 320 452 νῦε-θοθλ
423 377 515 436 HER
541 377 696 435 ALLIES
719 376 813 434 AND
840 376 1059 436 COLONIES.
1264 390 1322 453 155

170 574 266 638 δόκων
281 573 422 656 ἄρχοντα,
438 572 536 653 τρίτον
560 569 587 636 δ’
610 568 660 634 ὑπ’
682 569 900 650 Ἀθηνοκλέους
923 569 972 634 καὶ
994 569 1164 649 Ἀθηναίων
1183 571 1321 634 έποικισ·

170 680 285 751 θεῖσαν,
303 679 432 757 Πειραιᾶ
445 677 716 754 μετονομασθῆναι.

214 778 265 843 os.
283 777 370 843 Plut.
385 777 519 843 ιουυι.
539 796 587 859 19.
634 775 779 862 Appon,
794 775 876 841 ooo.
895 775 992 841 τινα
1009 778 1059 862 83.

215 910 291 964 303.
315 898 402 964 θοίπ
416 897 456 984 of
466 899 603 964 Amiooo
616 898 730 962 υαιίατ
744 897 796 962 θνα
811 919 912 963 νιαοια
927 896 1116 962 Peiraieus.

215 1002 290 1068 Obv.
307 1002 440 1068 Femalo
452 1001 537 1068 head
546 999 616 1088 (tho
628 1000 738 1088 Tyoho
750 999 788 1067 of
798 1001 855 1066 tho
866 1000 936 1087 city
946 999 973 1088 Ρ)
986 1001 1007 1065 l.
1018 1000 1165 1086 wearing
1175 1000 1322 1066 turreoed

169 1106 348 1191 stephanos
360 1104 574 1172 omomontod
584 1105 669 1171 with
680 1103 774 1170 floral
786 1103 927 1183 devioeo,
936 1105 1067 1191 earring
1077 1103 1143 1168 and
1155 1102 1321 1170 nooklace.

214 1210 290 1274 Rev.
310 1210 386 1276 Οτι]
396 1209 514 1296 sowing,
525 1209 684 1295 standing
694 1230 739 1274 on
749 1208 875 1288 ohield3
890 1208 1034 1274 bonoaoh
1050 1208 1158 1273 ohield
1169 1216 1320 1286 ΓΕΙΡΑ;

170 1326 311 1391 benoath
328 1325 422 1392 owl’s
436 1326 544 1412 wings
567 1334 618 1399 ΗΓ
623 1334 646 1399 Η
667 1334 762 1400 ΣΑΓ
816 1335 1129 1413 R5·41grommes.

216 1441 342 1521 Wroth,
358 1442 446 1508 Brit.
462 1442 551 1508 Μαι.
568 1443 638 1508 oat.
654 1442 693 1528 os
706 1441 762 1509 Gk.
780 1443 890 1521 Goioo,
905 1443 1043 1524 Ροπίυο,
1061 1463 1094 1530 p.
1114 1460 1162 1528 13,
1176 1440 1221 1530 pl.
1237 1441 1273 1507 ii.
1291 1463 1321 1527 9.

667 1680 817 1748 Astakos.

214 1819 600 1887 O.I.A.i.226ii.8b.
646 1820 814 1886 Seoul.

213 1922 634 2008 0.1.A.i.230iv.10b.
680 1923 853 1993 Soom.

215 2038 293 2093 304.
317 2026 427 2091 Strab.
443 2027 501 2091 xii.
517 2047 547 2106 4
563 2047 581 2094 2
598 2023 708 2116 (563):
728 2028 848 2094 Ἔπειτ’
864 2027 1019 2108 έκδέχεται
1041 2028 1097 2108 τὴν
1120 2035 1181 2093 τῶν
1197 2031 1321 2107 Χαλκη-

170 2133 277 2198 δονίων
290 2129 365 2219 ᾐόνα
381 2133 397 2195 ό
412 2131 600 2212 Ἀστακηνδς
612 2133 795 2212 καλούμενος
811 2135 936 2211 κόλπος,
951 2133 1040 2214 μέρος
1055 2130 1097 2197 ὢν
1109 2135 1166 2212 τῆς
1180 2136 1318 2213 Προπον-

170 2236 274 2302 τίδος.
294 2284 301 2299 .
320 2282 327 2298 .
349 2235 385 2316 ἦν
406 2237 431 2301 δ’
449 2238 482 2301 ἓν
501 2237 580 2322 αὐτῷ
604 2240 644 2322 τῷ
669 2238 771 2322 κόλπῳ
796 2239 845 2302 καὶ
859 2235 1009 2304 Ἀστακδς
1029 2237 1131 2314 πόλις,
1155 2233 1321 2318 Μεγαρέων

172 2341 284 2420 κτίσμα
295 2341 344 2404 καὶ
358 2338 526 2420 Ἀθηναίων
536 2338 584 2404 καὶ
595 2340 672 2422 μετὰ
683 2344 776 2406 ταῦτα
788 2347 972 2418 Δοιδαλσοῦ,
988 2340 1042 2421 ἀφ’
1058 2340 1093 2420 ἧς
1110 2340 1160 2405 καὶ
1176 2340 1192 2402 ό
1209 2339 1322 2405 κόλπος

171 2442 343 2524 ὠνομάσθη.

356 2691 420 2757 The
441 2691 632 2758 Athenione
653 2691 696 2757 ία
718 2690 769 2758 θυι
790 2689 961 2757 Νοιόδαπ
983 2691 1132 2756 Euxine.

334 2853 398 2919 Poe
431 2854 653 2920 Kimmerion
684 2854 847 2941 Bosporos
876 2854 949 2919 aod
978 2854 1023 2919 its
1053 2852 1162 2939 δόκιμα.

215 3003 294 3058 ³05.
318 2991 415 3057 Diod.
437 2993 497 3058 xii.
521 3012 582 3077 31:
605 2992 675 3058 Ἐπ’
697 2992 844 3077 ἄρχοντας
867 2992 892 3059 δ’
915 2991 1064 3072 Ἀθήνησι
1085 2992 1245 3074 Θεοδώρου
1262 3040 1269 3055 .
1286 3038 1320 3056 ..

172 3095 247 3160 κατὰ
277 3101 310 3161 δέ
344 3097 399 3175 τὴν
428 3097 537 3162 Ἀσίαν
566 3100 595 3162 οί
620 3103 673 3162 τοῦ
698 3098 860 3182 Κιμμερίου
883 3098 1042 3180 Βοσπόρου
1068 3095 1320 3176 βασιλεύσαντες,

171 3199 391 3279 ὀνομασθέντες
413 3205 446 3265 δὲ
468 3202 743 3286 Ἀρχαιανακτίδαι,
756 3200 849 3283 ἧρξαν
872 3201 924 3280 έτη
944 3201 996 3266 δύο
1012 3199 1086 3284 πρὸς
1100 3206 1163 3266 τοῖς
1177 3198 1321 3280 τετταρά-

171 3325 271 3367 κοντα·
295 3303 449 3384 διεδέξατο
465 3310 497 3371 δὲ
513 3305 568 3384 τὴν
583 3306 679 3388 ἀρχὴν
694 3304 880 3386 Σπάρτακος,
896 3301 945 3368 καὶ
960 3302 1049 3386 ἦρξεν
1063 3304 1115 3384 έτη
1131 3303 1216 3368 έπτό.

474 3506 665 3572 θαθίαυιοιιί
686 3505 725 3591 of
742 3506 794 3572 too
815 3507 1016 3574 Αθιοιιόααο.

215 3644 333 3710 Aeooh.
349 3665 368 3730 3
384 3644 427 3709 ιἰι
444 3644 523 3710 Oteo.
544 3660 614 3727 171.
660 3643 721 3709 See
735 3644 840 3709 above
855 3655 935 3711 294.

215 3777 295 3831 306.
320 3765 429 3830 Strob.
441 3765 500 3829 vii.
516 3785 546 3844 4
561 3785 585 3843 4
598 3760 707 3852 (309):
732 3765 820 3830 Μετὰ
835 3769 868 3830 δέ
883 3765 939 3844 τὴν
953 3764 1072 3846 ὀρεινὴν
1087 3763 1141 3843 τὴν
1155 3768 1321 3847 λεχθεῖσαν

171 3870 189 3949 ἡ
207 3873 361 3935 Θεοδοσία
376 3876 472 3936 κεῖται
487 3871 578 3938 πόλις
596 3872 701 3935 πεδίον
717 3868 829 3952 εὔγεων
845 3869 961 3953 έχουσα
976 3867 1025 3933 καὶ
1044 3867 1154 3949 λιμένα
1168 3864 1256 3933 ναυσὶ
1271 3869 1320 3931 καὶ

171 3974 278 4038 έκατδν
293 3973 470 4054 ἐπιτήδειον·
494 3975 581 4042 οὗτος
600 3977 633 4039 δέ
657 3974 726 4057 όρας
745 3973 782 4054 ἦν
803 3974 948 4056 πρότερον
961 3975 1015 4050 τῆς
1029 3980 1090 4039 τῶν
1105 3977 1321 4054 Βασπαριανῶν

171 4076 220 4143 καὶ
244 4080 369 4159 Ταύρων
391 4083 456 4161 γῆς·
488 4080 537 4143 καὶ
559 4079 577 4156 ἡ
599 4075 670 4157 έξῆς
689 4077 715 4142 δ’
737 4075 822 4143 ἐστὶν
842 4077 951 4159 εὔγεως
965 4077 1051 4162 χόρα
1064 4075 1153 4160 μέχρι
1168 4081 1321 4140 Παντικα·

171 4182 270 4260 παίου,
287 4184 338 4259 τῆς
353 4181 566 4265 μητροπόλεως
584 4189 643 4246 τῶν
659 4185 876 4263 Βοσποριανῶν
892 4179 1045 4262 ἱδρυμένης
1061 4176 1110 4245 έπί
1128 4180 1170 4265 τῷ
1192 4180 1321 4260 στόματι
1402 4216 1408 4225 ·

170 4290 223 4365 τῆς
240 4289 420 4351 Μαιώτιδος.
466 4286 532 4350 έστι
548 4289 580 4351 δέ
595 4284 629 4348 τὸ
644 4283 757 4365 μεταξὺ
771 4287 825 4364 τῆς
841 4285 1011 4351 Θευδοσίας
1026 4281 1075 4349 καί
1096 4289 1149 4348 τοῦ
1169 4289 1319 4348 Παντικα-

171 4392 261 4455 παίου
273 4392 404 4456 σταδίων
416 4388 483 4471 περὶ
495 4390 700 4453 πεντακοσίων
716 4384 764 4452 καί
775 4387 943 4469 τριάκοντα,
953 4387 1038 4471 χόρα
1049 4391 1136 4479 πᾶσα
1147 4387 1319 4468 σιτοφόρος,

172 4495 271 4575 κόμας
290 4495 404 4578 έχουσα
420 4495 470 4558 καὶ
485 4495 577 4557 πόλιν
593 4493 750 4571 εὐλίμενον
765 4498 800 4556 τό
816 4491 978 4573 Νύμφαιον
993 4490 1188 4570 καλούμενον.
1232 4497 1268 4553 τὸ
1286 4492 1319 4554 δὲ
