3000 5046
159 400 308 466 ιοκιοιη
470 391 556 450 τινα
584 389 795 449 Wnsrrnn
818 390 997 449 ακῑικς.
1251 404 1312 468 355

203 616 283 672 200.
305 605 447 685 Quintil.
467 604 554 669 Inst.
571 602 628 668 Or.
648 603 696 668 iii
714 622 743 666 1.
761 604 800 666 8:
835 602 971 668 Artium
997 608 1109 669 autom
1134 603 1310 689 scriptores

159 709 385 794 antiquissimi
409 708 517 774 Corax
546 713 581 773 ct
607 707 713 773 Tisias
737 705 850 784 Siculi,
872 728 954 792 qnos
982 706 1151 771 insecutus
1180 711 1232 772 ast
1257 706 1310 771 vir

160 811 310 876 eiusdem
332 812 460 878 insulas
483 811 621 897 Gorgias
644 810 835 893 Leontinus,
858 809 1074 897 Empedoclis,
1096 814 1135 874 ut
1156 809 1309 888 traditur,

160 913 354 1001 discipulus.
402 913 451 1003 (9)
473 913 675 979 isbcnsficio
694 912 906 1000 longissimas
928 913 1048 979 astatis
1063 911 1155 1001 (narn
1176 917 1308 978 centum

160 1024 194 1082 et
215 1039 336 1084 novom
360 1018 450 1083 vixit
470 1017 589 1104 annos)
610 1039 687 1082 cum
711 1017 826 1080 multis
849 1015 949 1082 simul
972 1016 1093 1093 floruit,
1116 1015 1254 1100 ideoque
1276 1023 1310 1079 et

159 1120 302 1200 illorum,
317 1121 357 1187 de
372 1120 491 1207 quibus
511 1142 612 1207 supra
628 1120 709 1195 dixi,
724 1119 790 1184 fuit
811 1119 960 1185 aemulus
979 1124 1014 1184 at
1035 1119 1125 1184 ultra
1141 1117 1309 1184 Socratem

159 1245 263 1309 usquc
279 1224 423 1290 duravit.
441 1274 448 1288 .
466 1274 473 1290 .
490 1276 497 1291 .
511 1223 582 1311 (12)
596 1223 716 1288 horum
731 1223 831 1309 primi
846 1243 1036 1288 communes
1050 1222 1137 1289 locos
1152 1226 1309 1287 tractasse

159 1327 317 1393 dicuntur
331 1329 538 1415 Protagoras,
554 1326 702 1413 Gorgias.
749 1325 800 1393 of.
817 1325 885 1392 Cic.
901 1327 993 1391 Brut.
1012 1345 1062 1391 ιι.
1078 1341 1131 1409 47.

203 1459 277 1514 201.
298 1448 394 1514 Paus.
410 1448 456 1514 vi.
477 1464 523 1531 17.
542 1446 582 1514 8:
616 1449 713 1514 Οδτυς
734 1449 750 1510 6
768 1450 896 1531 Γοργίας
915 1453 1026 1531 πατρὸς
1043 1447 1080 1528 ήν
1095 1449 1310 1530 Καρμαντίδου,

158 1551 282 1635 λέγεται
304 1554 337 1616 δέ
358 1554 578 1617 άνασῶσασθαι
598 1550 726 1631 μελέτην
750 1554 853 1634 λόγων
874 1557 990 1633 πρῶτος
1011 1549 1202 1633 ἠμελημένην
1223 1574 1256 1615 τε
1279 1556 1309 1614 ές

160 1655 241 1719 άπαν
257 1655 304 1720 καὶ
319 1658 350 1722 ἐς
369 1655 466 1735 λήθην
486 1656 593 1738 ὀλίγου
612 1660 676 1721 δεῖν
696 1655 831 1735 ἥκουσαν
848 1654 1023 1736 ἀνθρώποις.
1067 1655 1262 1734 εὐδοκιμῆσαι
1276 1656 1310 1717 δὲ

160 1760 291 1842 Γοργίαν
318 1759 421 1842 λόγων
449 1759 537 1825 ἕνεκα
567 1758 600 1825 έν
628 1785 662 1824 τε
691 1758 855 1839 πανηγύρει
884 1760 921 1845 τῇ
950 1757 1123 1844 Ὀλυμπικῇ
1151 1753 1231 1838 φασὶ
1261 1753 1310 1820 καὶ

161 1862 347 1943 άφικόμενον
374 1862 449 1925 κατὰ
473 1863 643 1944 πρεσβείαν
666 1864 740 1942 δμοῦ
763 1863 857 1946 Τισίᾳ
886 1858 955 1942 παρ’
978 1859 1168 1940 Ἀθηναίους.
1214 1860 1310 1923 καίτοι

161 1965 244 2029 ἄλλα
267 1991 300 2030 τε
322 1965 432 2031 Τισίας
456 1966 485 2031 ἐς
509 1968 618 2048 λόγους
648 1963 843 2047 ἐσηνέγκατο,
868 1961 916 2028 καὶ
943 1965 1134 2029 πιθανώτατα
1159 1967 1218 2027 τῶν
1246 1962 1310 2026 καθ’

162 2069 252 2132 αὑτὸν
274 2066 392 2151 γυναικὶ
415 2070 604 2152 Συρακουσίᾳ
628 2066 788 2149 χρημάτων
812 2067 948 2149 ἔγραψεν
972 2065 1216 2146 ἀμφισβήτησιν·
1262 2062 1309 2151 (9)

161 2170 244 2234 ἀλλά
265 2197 299 2253 γε
320 2173 435 2236 ἐκείνου
457 2195 488 2235 τε
512 2172 543 2237 ἐς
566 2170 660 2235 πλέον
681 2175 767 2251 τιμῆς
790 2171 918 2252 άφίκετο
940 2172 957 2233 δ
977 2170 1103 2252 Γοργίας
1125 2172 1206 2251 παρδ
1219 2168 1310 2248 Ἀθη-

162 2276 256 2341 ναίοις
272 2321 280 2338 .
296 2322 304 2337 .
321 2322 328 2336 .
344 2279 455 2354 βιῶναι
471 2277 503 2338 δέ
519 2274 570 2353 ἐτη
586 2275 714 2356 Γοργίαν
730 2272 819 2339 πέντε
834 2270 932 2355 φασὶν
947 2271 996 2337 ἐπὶ
1012 2279 1074 2339 τοῖς
1090 2273 1206 2337 ἑκατόν.

205 2404 283 2458 202.
306 2392 460 2458 Philostr.
481 2391 547 2458 Vii.
564 2391 660 2476 Βορέα.
676 2392 697 2457 i.
715 2414 744 2478 9.
764 2413 778 2456 1
796 2391 842 2481 (p.
860 2391 959 2478 208):
990 2393 1114 2457 Σικελία
1130 2393 1258 2473 Γοργίαν
1277 2392 1310 2453 ἐν

161 2499 332 2564 Λεοντίνοις
355 2495 491 2579 ἤνεγκεν,
514 2498 544 2563 ἐς
570 2496 606 2560 δν
631 2496 793 2579 ἆναφέρειν
816 2496 959 2579 ἠγόμεθα
986 2497 1041 2576 τήν
1064 2501 1124 2559 τῶν
1150 2502 1310 2575 σοφιστῶν

161 2599 280 2683 τέχνην,
297 2602 401 2683 ὥσπερ
416 2602 446 2666 ἐς
460 2601 574 2681 πατέρα
589 2647 617 2665 ..
636 2601 751 2683 ,ὁρμῆς
771 2625 803 2664 τε
824 2599 881 2682 γὰρ
904 2605 967 2666 τοῖς
986 2604 1149 2680 σοφισταῖς
1169 2596 1241 2677 ἦρξε
1262 2595 1309 2661 καὶ

161 2705 420 2786 παραδοξολογίας
445 2704 494 2767 καὶ
520 2702 687 2784 πνεύματος
712 2701 761 2767 καί
783 2708 836 2767 ταῦ
858 2702 896 2766 τὰ
917 2702 1037 2785 μεγάλα
1059 2701 1199 2784 μεγάλως
1222 2704 1309 2782 ἐρμη·

161 2806 267 2882 νεύειν,
283 2805 483 2871 ἆποστάσεῶν
497 2831 531 2872 τε
549 2808 599 2871 καὶ
619 2813 814 2887 προσβαλῶν,
829 2806 881 2886 ὑφ’
898 2809 939 2871 ῶν
956 2807 972 2868 6
987 2808 1080 2888 λόγος
1094 2804 1189 2883 ἡδίων
1204 2807 1309 2868 ἑαυτοῦ

160 2910 294 2992 γίγνεται
318 2907 366 2973 καὶ
393 2911 611 2991 σοβαρῶτερος,
633 2909 854 2990 περιεβάλλετο
879 2911 912 2974 δέ
937 2907 987 2972 καὶ
1012 2910 1153 2986 ποιητικὰ
1178 2907 1311 2987 ὀνόματα

161 3013 235 3094 ὑπὲρ
251 3013 365 3092 κόσμου
385 3010 433 3077 καὶ
455 3014 644 3095 σεμνότητος.
690 3013 729 3079 ῶς
747 3013 803 3094 μέν
824 3012 877 3076 οὖν
899 3009 948 3076 καὶ
966 3013 1067 3096 ῥᾷστα
1084 3010 1310 3092 θπεσχεδίαζεν,

162 3117 277 3196 εἴρηταί
300 3140 352 3191 μοι
376 3115 450 3180 κατὰ
475 3113 569 3200 δρχάς
594 3120 647 3179 τοῦ
672 3117 774 3198 λόγου,
802 3113 972 3198 διαλεχθεὶς
1003 3116 1035 3179 δέ
1064 3112 1231 3192 Ἀθήνησιν
1253 3111 1309 3193 ήδη

160 3217 321 3300 γηράσκων
346 3220 373 3282 εί
397 3221 453 3296 μὲν
476 3218 535 3281 ὑπὸ
557 3225 617 3282 τῶν
639 3224 765 3282 πολλῶν
787 3216 972 3297 ἐθαυμάσθη,
993 3218 1075 3282 οὕτω
1099 3221 1206 3298 θαῦμα,
1229 3216 1245 3277 6
1268 3215 1310 3291 δέ,

162 3320 253 3398 οἶμαι,
271 3318 319 3384 καὶ
341 3320 409 3386 τοὺς
432 3320 693 3402 ἐλλογιμωτάτους
715 3319 913 3402 ἀνηρτήσατο,
929 3322 1054 3401 Κριτίαν
1068 3322 1123 3398 μέν
1146 3317 1194 3383 καὶ
1209 3318 1309 3381 Ἀλκι-

161 3421 273 3502 βιάδην
288 3421 345 3487 νέω
362 3424 440 3501 ὄντε,
460 3425 646 3502 Θουκυδίδην
661 3427 694 3488 δέ
716 3419 764 3486 καί
780 3421 930 3504 Περικλέα
946 3421 1001 3501 ἤδη
1022 3423 1215 3502 γηράσκοντε.
1261 3418 1310 3484 καὶ

162 3522 302 3605 Ἀγάθων
324 3526 357 3589 δέ
381 3527 397 3587 6
421 3530 473 3605 τῆς
498 3527 663 3611 τραγῳδίας
686 3524 811 3605 ποιητής
834 3574 841 3588 .
861 3574 868 3588 .
891 3575 899 3590 .
922 3530 1082 3609 πολλαχοῦ
1104 3530 1164 3589 τῶν
1191 3521 1310 3605 ἰάμβων

160 3627 311 3709 γοργιάζει
334 3676 391 3694 ...
415 3626 458 3714 (3,
473 3649 505 3714 p.
523 3627 601 3716 209)
614 3629 736 3712 λέγεται
756 3631 789 3693 δέ
805 3629 821 3690 6
836 3628 962 3711 Γοργίας
982 3630 1013 3694 ἐς
1036 3628 1113 3691 όκτῶ
1136 3623 1184 3691 καί
1205 3631 1310 3690 ἐκατδν

162 3728 276 3796 ἐλάσας
298 3731 349 3810 ἔτη
372 3732 412 3812 μὴ
436 3735 638 3811 καταλυθῆναι
659 3737 693 3796 τδ
720 3738 808 3812 σῶμα
829 3734 888 3795 ὑπδ
910 3737 962 3794 τοῦ
984 3730 1093 3814 γήρως,
1116 3731 1187 3794 ἀλλ’
1208 3729 1310 3810 άρτιος

163 3839 347 3913 καταβιῶναι
364 3836 412 3898 καὶ
427 3833 480 3902 τὰς
497 3835 653 3914 αἰσθήσεις
669 3835 765 3915 ήβῶν.

205 3963 283 4018 203.
305 3951 355 4016 Of.
372 3952 473 4017 Arist.
489 3952 580 4019 Rhet.
595 3954 643 4019 iii.
661 3974 690 4018 1.
708 3969 938 4039 9.1404a25;
961 3952 1028 4018 Cic.
1046 3952 1140 4019 Orat.
1156 3966 1208 4036 52.
1228 3964 1308 4034 175;

161 4052 260 4123 Dion.
275 4055 352 4120 Hal.
368 4056 408 4122 dc
424 4054 523 4122 Τίιιια.
540 4076 628 4137 α4.4
644 4088 675 4115 =
691 4057 731 4123 (δι
745 4057 792 4123 iis
806 4079 862 4142 qa.
879 4056 936 4124 Th.
947 4077 1064 4142 propr.
1080 4061 1163 4122 οιιιιι
1179 4075 1208 4119 2.
1224 4074 1255 4141 5.

556 4267 676 4333 Κοταα·
699 4266 773 4331 arrd
796 4265 916 4332 Tisias.

207 4412 286 4468 204.
310 4400 425 4468 Cicero
447 4401 578 4468 Βυυιιιιι
598 4422 648 4469 12.
664 4403 728 4482 46:
760 4401 879 4489 Itaque
901 4401 952 4466 ait
972 4402 1177 4479 Aristotcles,
1200 4425 1312 4490 quum,

162 4504 304 4570 sublatis
332 4504 370 4569 in
399 4504 512 4571 Sicilia
547 4506 711 4592 tyrannis,
740 4525 792 4570 ras
826 4505 978 4592 privatas
1006 4505 1106 4595 longo
1134 4505 1312 4575 intervallo

694 4624 718 4672 Δ
733 4629 755 4673 θι
767 4627 786 4676 2
