3000 5046
143 400 240 462 um]
481 391 567 450 rna
591 392 825 452 ΑΤΗΕΝΙΑΝ
847 394 953 453 crrr.
1234 409 1291 470 177

1171 525 1293 533 —.—.

141 584 325 670 imperium,
349 591 448 672 atque
469 587 559 672 apud
587 609 643 653 eos
673 589 853 668 contendit,
879 586 963 652 falsa
992 588 1034 652 iis
1060 610 1130 654 esse
1159 588 1290 655 delata:

140 710 241 774 quare
258 711 400 776 aequum
416 712 486 756 esse
501 692 577 757 illos
590 692 680 757 viros
698 692 800 757 bonos
815 690 1006 778 nobilesque
1017 692 1159 772 mittere,
1169 693 1291 779 quibus

140 791 222 858 fides
252 793 438 875 haberetur,
469 796 528 882 qui
563 817 633 860 rem
662 795 891 882 explorarent:
927 796 1054 861 interea
1079 817 1114 861 se
1142 796 1291 862 obsidem

140 897 330 962 retinerent.
375 905 488 985 gestus
512 906 563 964 est
586 900 617 965 ei
637 921 719 978 mos,
740 906 874 985 tresque
894 899 1006 989 legati,
1022 899 1131 965 functi
1154 901 1292 965 summis

140 999 488 1079 honoribus,Athenas
500 1004 594 1068 missi
605 1009 693 1069 sunt.
732 1024 808 1069 cum
825 1003 878 1068 his
895 1003 1035 1088 collegas
1051 1024 1127 1069 suos
1143 1003 1291 1069 Themis·

140 1104 243 1171 tocles
265 1105 362 1171 iussit
383 1107 555 1192 proficisci,
574 1106 680 1192 iisque
703 1105 879 1193 praedixit,
894 1112 933 1171 ut
952 1127 995 1172 ne
1015 1107 1108 1194 prius
1130 1107 1290 1175 Lacedae·

141 1209 327 1275 monierum
344 1209 469 1296 legatos
487 1210 703 1287 dimitterent,
719 1232 818 1297 quam
833 1210 905 1296 ipse
920 1217 1007 1277 esset
1021 1211 1186 1277 remissus.
1229 1210 1290 1277 hos

141 1318 314 1399 postquam
338 1313 489 1380 Athenas
513 1315 702 1400 pervenisse
721 1321 815 1381 ratus
835 1322 895 1392 est,
909 1315 953 1381 ad
967 1315 1180 1402 magistratus
1195 1337 1290 1380 sena-

141 1424 279 1506 tumque
290 1419 621 1486 lacedaemoniorum
632 1420 725 1498 adiit,
736 1427 770 1485 et
780 1419 869 1505 apud
881 1441 936 1485 eos
948 1419 1114 1485 liberrime
1125 1419 1291 1506 professus

141 1530 208 1588 est:
240 1523 460 1590 Athenienses
486 1545 546 1589 suo
572 1524 721 1603 consilio,
744 1524 833 1609 quod
854 1522 1024 1590 communi
1045 1524 1116 1588 iure
1141 1522 1291 1609 gentium

140 1627 247 1692 lacere
270 1634 412 1713 possent,
436 1628 513 1695 deos
533 1628 693 1713 publicos,
709 1650 851 1714 suosque
866 1628 992 1714 patrios
1010 1649 1049 1693 ac
1063 1633 1209 1712 penates,
1225 1647 1291 1711 quo

140 1731 269 1795 facilius
285 1732 328 1796 ab
343 1731 436 1796 hoste
451 1739 586 1817 possent
601 1731 780 1808 defendere,
795 1732 900 1796 muris
921 1731 1101 1816 saepsisse:
1125 1752 1231 1816 neque
1254 1729 1292 1792 in

140 1857 178 1900 eo
193 1835 281 1920 quod
296 1835 415 1900 inutile
431 1843 517 1901 esset
533 1836 696 1914 Graeciae,
712 1836 837 1902 secisse.
881 1856 960 1899 nam
974 1833 1107 1899 illorum
1123 1835 1238 1899 urbem
1253 1838 1291 1897 ut

140 1938 424 2024 propugnaculum
450 1939 640 2024 oppositum
660 1962 729 2006 esse
750 1939 908 2014 barbaris,
926 1939 1017 2024 apud
1035 1960 1135 2024 quam
1155 1936 1290 2002 iambis

140 2041 259 2107 classes
274 2043 381 2128 regias
393 2041 507 2108 fecisse
522 2044 742 2129 naufragium.
788 2042 1063 2108 lacedaemonios
1077 2048 1190 2106 autem
1204 2040 1290 2106 male

140 2153 174 2210 et
199 2146 321 2210 iniuste
347 2145 463 2223 facere,
491 2147 548 2232 qui
573 2146 609 2212 id
639 2149 750 2233 potius
779 2147 996 2221 intuerentur,
1026 2145 1114 2231 quod
1144 2145 1290 2232 ipsorum

140 2251 367 2328 dominationi,
377 2274 477 2339 quam
492 2253 580 2338 quod
596 2253 772 2319 universae
789 2250 946 2316 Graeciae
960 2250 1044 2316 utile
1058 2256 1150 2318 esset.
1181 2271 1291 2337 quare,

141 2355 169 2419 si
195 2376 271 2420 suos
298 2355 424 2441 legatos
453 2356 596 2441 recipere
623 2356 760 2433 vellent,
786 2378 868 2441 quos
895 2355 1044 2420 Athenas
1069 2355 1234 2433 miserant,
1256 2373 1291 2418 se

139 2460 357 2539 remitterent,
390 2480 469 2525 cem
501 2458 598 2523 aliter
629 2458 706 2525 illos
735 2480 905 2546 nunquam
937 2458 975 2523 in
1007 2459 1151 2545 patriam
1181 2463 1291 2522 essent

140 2563 311 2649 recepturi.

183 2697 233 2751 12.
257 2684 379 2750 lustin.
391 2684 424 2749 ii.
443 2699 501 2765 15:
527 2683 635 2770 Igitur
650 2684 870 2751 Athenienses
885 2684 976 2750 aucti
991 2689 1025 2750 et
1040 2684 1195 2771 praemiis
1210 2683 1291 2749 belli

140 2796 174 2855 et
188 2790 301 2874 gloria,
317 2790 432 2854 urbem
455 2811 496 2853 ex
517 2788 646 2875 integro
671 2787 807 2854 condere
832 2788 1023 2853 moliuntur.
1069 2810 1145 2853 cum
1160 2786 1291 2853 moenia

140 2893 267 2959 maiora
288 2893 443 2979 conplexi
463 2893 613 2970 fuissent,
628 2893 774 2979 suspecti
794 2914 862 2958 esse
877 2891 1143 2959 Lacedaemoniis
1158 2913 1291 2978 coepere

140 2995 378 3084 reputantibus,
395 2994 513 3082 quibus
537 2996 635 3061 ruina
660 2996 753 3060 urbis
777 3001 908 3061 tantum
929 2996 1121 3062 incrementi
1138 2995 1290 3075 dedisset,

140 3109 302 3189 quantum
318 3101 364 3165 sit
379 3100 497 3165 datura
511 3101 644 3166 munita
659 3100 790 3165 civitas.
836 3100 976 3166 mittunt
991 3122 1066 3186 ergo
1082 3100 1219 3187 legatos,
1231 3100 1291 3187 qui

140 3211 309 3270 monerent
333 3227 375 3269 ne
400 3204 609 3269 munimenta
632 3204 785 3270 hostibus
809 3209 843 3270 et
868 3205 1073 3289 receptacula
1092 3203 1197 3269 futuri
1213 3204 1291 3270 belli

140 3315 324 3373 exstruant.
369 3308 611 3380 Themistocles,
641 3316 680 3373 ut
706 3309 794 3373 vidit
820 3310 889 3395 spei
920 3308 1011 3373 urbis
1041 3308 1196 3387 invideri,
1222 3328 1291 3373 non

140 3411 334 3477 existimans
349 3411 488 3498 abrupte
499 3411 672 3499 agendum,
685 3412 855 3498 respondit
867 3412 994 3498 legatis,
1010 3412 1115 3477 ituros
1130 3411 1290 3478 Lacedae·

140 3536 280 3586 monem,
297 3515 354 3600 qui
370 3514 409 3581 de
424 3537 464 3580 ea
483 3537 518 3579 re
538 3517 664 3602 pariter
678 3537 752 3579 cum
768 3514 837 3580 illis
852 3515 1033 3581 consulant.
1078 3513 1127 3579 sic
1144 3514 1290 3580 dimissis

141 3616 314 3704 Spartanis
329 3619 482 3685 hortetur
497 3641 583 3698 suos,
597 3641 680 3706 opus
701 3625 877 3685 maturent.
921 3618 995 3683 dein
1022 3617 1092 3703 ipse
1116 3617 1290 3685 interiecto

140 3727 289 3808 tempore
304 3721 339 3785 in
353 3723 551 3809 legationem
567 3723 794 3809 proficiscitur,
811 3729 843 3790 et
858 3744 947 3789 nunc
966 3722 1002 3785 in
1016 3721 1136 3787 itinere
1151 3721 1289 3786 infirmi-

140 3832 211 3890 tate
241 3826 408 3902 simulata,
440 3847 530 3891 nunc
562 3827 754 3892 tarditatem
782 3826 983 3913 collegarum
1020 3847 1187 3906 accusans,
1220 3824 1290 3892 sine

141 3928 262 4015 quibus
281 3930 338 4016 agi
360 3930 431 3995 iure
454 3929 540 3995 nihil
561 3931 673 4018 possit,
689 3931 833 3995 diemde
849 3931 904 3996 die
923 3929 1127 4016 proferendo,
1143 3929 1290 4017 spatium

140 4034 400 4099 consummando
416 4035 509 4120 operi
524 4035 721 4121 quaerebat:
745 4055 821 4100 cum
839 4033 975 4099 interim
995 4032 1171 4098 nuntiatur
1190 4033 1289 4120 Spar·

140 4137 237 4214 tanis,
252 4160 334 4224 opus
356 4138 574 4204 Athenienses
596 4145 770 4214 maturare,
785 4137 1022 4225 propterquod
1038 4139 1147 4203 denuo
1162 4138 1291 4225 legatos

140 4242 282 4307 mittunt
296 4243 339 4306 ad
355 4241 596 4328 inspiciendam
614 4263 692 4306 rem.
738 4250 809 4308 tum
825 4239 1060 4307 Themistocles
1075 4262 1134 4327 per
1155 4262 1290 4307 servum

140 4346 391 4430 magistratibus
400 4345 518 4410 scribit
526 4345 791 4422 Atheniensium,
800 4345 925 4432 legatos
935 4343 1092 4420 vinciant,
1103 4345 1290 4430 pignusque

140 4455 287 4525 teneant,
302 4471 344 4514 ne
359 4450 394 4514 in
409 4472 444 4514 se
464 4449 600 4534 gravius
623 4449 824 4514 consulatur.
868 4448 953 4513 adiit
968 4447 1087 4513 deinde
1102 4447 1289 4513 contionem

141 4552 481 4632 Lacedaemoniorum,
496 4552 624 4618 indicat
648 4553 853 4639 permunitas
870 4551 1020 4618 Athenas
1040 4571 1119 4630 esse,
1139 4555 1174 4616 et
1194 4570 1289 4637 posse

700 4674 723 4720 rs
