3000 5046
216 381 236 422 2
268 315 380 463 ,··3.3.³²··“
445 362 597 422 οιιιοιν
618 361 711 419 Am>
738 359 1065 419 ORGANIZATJON
1088 358 1146 416 ον
1267 365 1327 432 [ch.
1341 369 1365 414 1.

217 485 1368 542 ’ΠΣ-ψῃ

214 549 396 647 ,’1,.·Ἠάι.
413 557 460 623 ix.
477 558 528 621 81.

185 659 293 764 ,·-.””8’.
315 679 456 743 Pausan.
478 699 511 742 x.
540 696 587 760 13.
611 697 647 762 9:
679 674 733 742 Ἐν
760 676 848 761 κοινηῖ
879 678 911 740 δὲ
939 674 1088 741 ἀνέθεσαν
1116 673 1176 738 ἀπὸ
1203 673 1292 756 ἔργον
1317 677 1369 736 τοῦ

186 761 414 849 ’Πλαταιᾶσιν
443 785 473 847 οἱ
499 781 651 860 ’Έλληνες
686 785 819 866 χρυσοῦν
852 780 978 863 τρίποδα
1010 780 1150 860 δράκοντι
1182 778 1369 856 ἐπικείμενον

218 886 333 972 χαλκῷ.
371 888 447 951 ὅσον
467 889 524 967 μὲν
546 887 582 966 δὴ
604 891 718 968 χαλκδς
740 883 777 963 ἦν
798 889 851 948 τοῦ
874 882 1072 964 ἀναθήματος,
1089 890 1171 948 σῶον
1195 879 1242 945 καὶ
1265 883 1296 948 ές
1316 884 1369 959 ἐμὲ

220 994 263 1055 ἔτι
279 991 325 1071 ἦν·
346 991 381 1055 ού
394 992 497 1071 μέντοι
513 989 588 1054 κατά
604 992 641 1054 τᾶ
655 989 731 1054 αύτά
747 986 795 1052 καὶ
810 993 863 1052 τδν
872 993 990 1072 χρυσὸν
1001 989 1031 1051 οἱ
1044 987 1174 1051 Φωκέων
1185 986 1369 1051 ὑπελίποντο

218 1096 374 1178 ἡγεμόνες.

263 1197 313 1264 Of.
330 1198 399 1265 also
411 1197 513 1263 Thuc.
528 1198 550 1262 i.
567 1215 636 1281 132.
650 1215 690 1281 3;
711 1195 795 1260 Hdt.
807 1195 879 1261 viii.
891 1197 953 1274 δας
974 1194 1041 1260 end
1058 1195 1245 1274 below,V1.
1258 1206 1298 1272 ος
1319 1204 1369 1259 10.

663 1368 763 1435 Other
784 1368 924 1435 νοοονάι.

264 1520 297 1574 4.
320 1507 467 1574 Axistod.
490 1508 536 1572 ix·
553 1507 604 1596 (F.
617 1504 663 1572 H.
678 1507 713 1574 G.
734 1528 766 1574 v.
788 1506 910 1595 p.12):
938 1507 1098 1588 Ζητήσεως
1122 1510 1155 1572 δὲ
1176 1507 1269 1586 οὔσης
1291 1510 1372 1589 παρᾶ

221 1618 285 1681 τοῖς
295 1611 431 1692 Ἕλλησι
451 1615 533 1680 τίνας
554 1617 600 1678 δεῖ
616 1614 829 1695 προγραφῆυαι
850 1612 947 1677 αὐτῶν
967 1617 1027 1676 τῶν
1046 1613 1323 1695 συμμεμαχηκότωυ
1339 1613 1372 1676 έν

220 1718 261 1801 τῷ
286 1719 412 1803 Μηδικῷ
438 1715 570 1802 πολέμῳ,
593 1715 714 1797 ἐξεῦρον
740 1718 769 1780 οῖ
792 1716 1025 1796 Λακεδαιμόνιοι
1050 1717 1103 1781 τόν
1127 1717 1241 1793 δίσκον,
1263 1713 1312 1796 ἐφ’
1337 1715 1372 1778 οῦ

222 1823 407 1895 κυκλοτερῶς
434 1815 610 1900 ἐπέγραψαν
632 1815 685 1883 τὰς
707 1814 917 1899 ἠγωνισμένος
940 1819 1056 1896 πόλεις,
1079 1816 1119 1882 ῶς
1140 1814 1215 1897 μήτε
1237 1815 1372 1897 πρώτους

220 1923 304 1986 τινᾶς
318 1919 490 2004 γεγράφθαι
504 1917 575 2001 μήθ’
590 1919 742 2002 ὑστέρους.

265 2053 296 2106 ⁵.
318 2040 414 2109 Paus.
431 2063 463 2105 v.
482 2060 533 2126 23.
554 2061 589 2105 1:
613 2039 794 2124 Παρεξιόντι
817 2043 850 2105 δὲ
872 2041 954 2124 παρὰ
975 2041 1030 2121 τήν
1053 2044 1084 2109 ές
1105 2041 1140 2105 τὸ
1156 2038 1372 2122 βουλευτήριον

222 2147 330 2211 ἔσοδον
350 2147 425 2214 Ζεύς
446 2172 480 2211 τε
502 2145 629 2224 ἕστηκεν
650 2145 823 2228 ἐπίγραμμα
845 2146 925 2229 ἔχων
947 2144 1041 2225 οὐδέν,
1058 2142 1106 2209 καὶ
1130 2145 1215 2212 αὖθις
1237 2145 1278 2211 ῶς
1299 2143 1373 2226 πρὸς

222 2249 332 2332 άρκτον
347 2249 566 2333 ἐπιστρέψαντι
588 2248 711 2332 άγαλμά
732 2250 800 2313 ἐστι
817 2249 900 2316 Διός.
938 2253 1025 2313 τοῦτο
1046 2247 1205 2332 τέτραπται
1224 2250 1281 2329 μὲν
1300 2254 1374 2332 πρὸς

223 2354 389 2436 ἀνίσχοντα
405 2353 504 2433 ἥλιον,
516 2353 664 2418 ἀνέθεσαν
679 2355 711 2417 δὲ
722 2351 882 2431 Ἐλλήνων
898 2353 967 2417 ὅσοι
979 2357 1172 2418 Πλαταιᾶσιν
1184 2351 1373 2436 ἐμαχέσαντο

224 2457 344 2521 έναντία
362 2459 537 2539 Μαρδονίου
554 2482 587 2521 τε
609 2457 658 2520 καὶ
674 2456 797 2535 Μήδων.
835 2453 896 2521 εῖσῖ
918 2459 950 2521 δὲ
971 2457 1019 2520 καὶ
1039 2456 1277 2540 ἐγγεγραμμέναι
1299 2459 1374 2520 κατὰ

224 2565 277 2624 τοῦ
290 2559 408 2640 βάθρου
423 2563 461 2624 τᾶ
475 2558 560 2639 δεξιά
575 2561 606 2624 οί
622 2565 831 2642 μετασχοῦσαι
847 2560 953 2626 πόλεις
967 2565 1021 2624 τοῦ
1035 2562 1133 2644 έργου,
1144 2560 1375 2639 Λακεδαιμόνιοι

222 2667 280 2745 μέν
303 2670 425 2746 πρῶτοι,
446 2667 522 2744 μετὰ
546 2667 578 2729 δὲ
602 2663 707 2730 αιἰτοῦς
729 2663 897 2743 Ἀθηναῖοι,
921 2665 1014 2744 τρίτοι
1041 2665 1074 2728 δὲ
1099 2662 1298 2747 γεγραμμένοι
1325 2666 1375 2729 καὶ

224 2768 359 2850 τέταρτοι
376 2768 530 2850 Κορίνθιοί
549 2792 581 2832 τε
603 2769 652 2831 καὶ
670 2768 838 2845 Σικυώνιοι,
853 2763 901 2854 (2)
917 2766 1046 2848 πέμπτοι
1065 2771 1097 2832 δὲ
1116 2771 1284 2851 Αἰγινῆται,
1299 2771 1376 2846 μετά

226 2876 259 2937 δὲ
276 2872 438 2956 Αἰγινήτας
455 2877 607 2955 Μεγαρεῖς
623 2869 671 2936 καί
686 2871 884 2954 Ἐπιδαύριοι,
896 2872 1051 2954 Ἀρκάδων
1066 2876 1098 2937 δὲ
1112 2873 1264 2956 Τεγεᾶταί
1277 2898 1310 2938 τε
1326 2869 1374 2936 καῖ

225 2975 425 3060 Ὀρχομένιοι,
441 2978 490 3040 έπὶ
506 2978 539 3040 δὲ
557 2976 658 3042 αύτοῖς
673 2976 742 3041 ὅσοι
756 2979 909 3041 Φλιοῦντα
931 2974 980 3040 καὶ
995 2978 1148 3058 Τροιζῆνα
1170 2975 1218 3041 καῖ
1231 2974 1377 3058 Ἑρμιόνα

227 3083 369 3157 οίκοῦσιν,
392 3082 424 3145 έκ
448 3084 480 3145 δὲ
502 3081 601 3163 χόρος
623 3083 676 3159 τῆς
697 3077 839 3163 Ἀργείας
861 3080 1024 3162 Τιρύνθιοι,
1046 3085 1211 3147 Πλαταιεῖς
1234 3083 1267 3145 δὲ
1288 3081 1376 3160 μόνοι

227 3189 376 3262 Βοιωτῶν,
396 3181 444 3248 καί
464 3184 610 3267 Ἀργείων
630 3186 659 3248 οἱ
682 3184 827 3260 Μυκήνας
848 3184 978 3267 ἔχοντες,
999 3190 1143 3263 νησιῶται
1166 3187 1199 3249 δὲ
1221 3188 1306 3248 Κεῖοι
1328 3186 1378 3248 καὶ

228 3287 355 3368 Μήλιοι,
372 3286 598 3370 Ἀμβρακιῶται
614 3288 646 3352 δέ
663 3286 699 3367 ἐξ
712 3288 835 3371 ἠπείρου
851 3291 903 3366 τῆς
919 3289 1143 3371 Θεσπρωτίδος,
1157 3288 1265 3369 Τήνιοί
1280 3313 1312 3354 τε
1328 3290 1377 3352 καὶ

227 3397 406 3474 Λεπρεᾶται,
417 3396 586 3475 Λεπρεᾶται
602 3394 658 3472 μὲν
672 3398 732 3456 τῶν
748 3396 780 3455 ἐκ
796 3394 850 3470 τῆς
863 3395 1033 3475 Τριφυλίας
1046 3393 1143 3473 μόνοι,
1155 3394 1188 3456 έκ
1204 3394 1237 3457 δὲ
1253 3393 1378 3476 Αἰγαίου

229 3497 353 3560 καὶτῶν
369 3496 534 3560 Κυκλάδων
548 3495 583 3559 οὗ
597 3495 704 3575 Τήνιοι
718 3497 805 3574 μόνοι
821 3497 903 3559 ἀλλά
919 3498 968 3563 καῖ
984 3495 1095 3576 Νάξιοι
1111 3493 1159 3560 καὶ
1175 3497 1306 3572 Κύθνιοι,
1319 3495 1378 3560 ᾶπδ

229 3601 262 3663 δὲ
287 3600 421 3679 Εὐβοίας
445 3603 576 3682 Στυρεῖς,
598 3599 675 3678 μετὰ
697 3603 730 3663 δὲ
752 3600 872 3666 τούτους
895 3599 1015 3665 Ἠλεῖοι
1039 3598 1088 3665 καί
1110 3605 1307 3665 Ποτιδαιᾶται
1330 3602 1379 3666 καὶ

229 3701 427 3785 Ἀνακτόριοι,
442 3708 609 3769 τελευταῖοι
625 3707 657 3768 δέ
676 3707 840 3770 Χαλκιδεῖς
856 3706 885 3768 οῖ
900 3702 951 3770 ἐπὶ
966 3704 1007 3790 τῷ
1024 3703 1157 3790 Εὗρίπιρ.

383 3925 489 3994 Early
510 3924 655 3994 History
677 3924 793 3982 ottho
816 3924 1057 3982 Anti-Persian
1080 3925 1225 3995 Longus.

287 4052 454 4138 Ρνοροοαί
469 4058 501 4119 to
517 4053 715 4139 ίνανιορίαιιό
733 4053 784 4119 the
799 4051 958 4120 Ισνιῖαιια.
1004 4053 1090 4141 They
1104 4076 1164 4120 ανο
1178 4054 1322 4121 received

656 4158 731 4224 e'eeto
747 4156 797 4223 θνα
811 4156 951 4244 Leeyee.

275 4275 307 4328 θ.
329 4261 413 4328 Hdt.
429 4262 475 4327 ix.
494 4265 565 4328 106.

274 4393 305 4450 ¹1.
327 4381 426 4449 Diod.
447 4383 493 4448 xi.
512 4400 571 4469 37:
596 4382 674 4467 [Ἐπ’
698 4384 846 4469 άρχοντος
869 4381 1016 4464 Ἀθήνησι
1038 4381 1239 4466 Ξανθίππου]
1284 4387 1325 4450 Οί
1348 4387 1381 4449 δὲ

231 4484 300 4569 περὶ
314 4488 507 4573 Λεωτυχίδην
522 4488 571 4554 καὶ
587 4485 768 4556 Ξάνθιππον
783 4488 1033 4558 ἀποπλεύσαντες
1054 4490 1097 4557 είς
1113 4489 1223 4572 Σάμον,
1239 4490 1309 4557 τοῦς
1327 4492 1382 4569 μὲν
