3000 5046
122 365 234 432 om]
445 355 533 415 THE
560 353 771 415 WESTERN
795 353 973 413 οκαῑκς.
1217 368 1277 430 323

124 551 274 632 ὥρμησαν.
318 549 367 641 (3)
382 554 412 616 οἱ
426 553 482 631 μέν
497 552 549 615 οὖν
570 549 709 634 Ἰάπυγες
724 549 779 629 τήν
794 575 826 614 τε
841 551 911 632 παρ’
926 552 1025 615 αὐτῶν
1044 549 1168 630 δύναμιν
1183 576 1276 633 παρε-

125 656 304 735 σκευάζοντο
325 657 374 720 καί
398 656 454 735 τήν
480 657 561 737 παρὰ
586 661 648 719 τῶν
680 655 798 735 ὁμόρων
825 656 1000 737 συμμαχίαν
1024 653 1205 734 συνέλαβον,
1229 657 1278 718 καὶ

124 757 193 825 τοὺς
215 759 389 838 σύμπαντας
409 757 556 841 ἥθροισαν
577 759 652 839 ὑπὲρ
674 756 742 823 τοὺς
762 743 944 838 δισμυρίους·
983 759 1013 820 οἶ
1043 758 1076 822 δὲ
1098 762 1278 838 Ταραντῖνοι

126 863 289 941 πυθόμενοι
312 862 347 926 τὸ
368 861 496 945 μέγεθος
515 864 568 940 τῆς
599 859 645 924 ἐπ’
673 859 779 927 αὐτοὺς
803 860 1003 941 ἠθροισμένης
1024 860 1186 941 δυνάμεως,
1207 860 1277 926 τούς

124 989 157 1028 τε
177 966 348 1032 πολιτικοὺς
375 965 560 1047 στρατιώτας
585 961 732 1046 ἤθροισαν
757 961 806 1027 καί
825 959 971 1045 Ῥηγίνων
995 962 1162 1047 συμμάχων
1184 964 1279 1028 ὄντων

124 1068 259 1134 πολλοὺς
275 1069 518 1150 προσελάβοντο.
542 1063 591 1155 (4)
608 1066 769 1150 γενομένης
788 1070 821 1131 δὲ
835 1066 935 1150 μάχης
954 1069 1080 1152 ἰσχυρῶς
1093 1068 1142 1132 καὶ
1153 1072 1277 1132 πολλῶν

124 1170 193 1252 παρ’
212 1172 393 1252 ἀμφοτέροις
428 1171 593 1250 πεσόντων,
625 1176 659 1234 τὸ
695 1175 869 1235 τελευταῖον
904 1173 932 1235 οί
963 1170 1101 1256 Ἰάπυγες
1124 1173 1277 1250 ἐνίκησαν.

124 1283 185 1340 τῶν
206 1277 239 1339 δὲ
256 1275 445 1354 ἡττηθέντων
470 1276 513 1340 εἰς
540 1274 593 1340 δύο
617 1274 690 1357 μέρη
715 1273 908 1359 σχισθέντων
935 1274 1009 1339 κατά
1030 1276 1084 1355 τήν
1105 1273 1213 1358 φυγήν,
1229 1272 1278 1337 καὶ

124 1383 185 1445 τῶν
206 1379 261 1459 μὲν
285 1381 328 1445 εἰς
350 1378 492 1460 Τάραντα
515 1378 570 1457 τὴν
595 1378 789 1462 ἀναχώρησιν
818 1378 1013 1458 ποιουμένων,
1039 1386 1101 1445 τῶν
1126 1379 1160 1441 δί
1181 1379 1223 1444 εἰς
1244 1384 1279 1441 τδ

124 1479 245 1564 Ῥήγιον
257 1483 441 1566 φευγόντων,
457 1481 678 1563 παραπλησίως
687 1481 803 1548 τούτοις
813 1479 861 1546 καί
873 1484 903 1545 οἰ
916 1483 1051 1563 Ἰαπύγες
1063 1483 1277 1565 ἐμερίσθησαν.

127 1582 177 1670 (5)
207 1587 237 1649 οἰ
263 1588 318 1666 μέν
347 1586 399 1650 οὖν
428 1585 496 1652 τοὺς
525 1586 726 1667 Ταραντίνους
756 1583 916 1665 διώξαντες
946 1586 1053 1669 ὀλίγου
1078 1583 1279 1664 διαστήματος

127 1692 212 1756 ὄντος
232 1689 367 1756 πολλοὺς
385 1696 446 1755 τῶν
466 1691 609 1755 ἐναντίων
624 1690 756 1768 ἀνεῖλον,
771 1691 800 1754 οί
818 1691 852 1753 δὲ
869 1690 938 1756 τοὺς
954 1686 1107 1772 Ῥηγίνους
1122 1690 1280 1756 διόκοντες

126 1790 177 1857 έπί
192 1800 339 1858 τοσοῦτον
357 1792 621 1875 ἐφιλοτιμήθησαν
642 1794 722 1858 ὥστε
743 1798 959 1860 συνεισπεσεῖν
979 1797 1041 1860 τοῖς
1056 1793 1225 1876 φεύγουσιν
1236 1794 1280 1859 εἰς

127 1897 161 1960 τὸ
175 1896 297 1980 Ῥήγιον
313 1895 429 1976 καὶτῆς
444 1897 562 1963 πόλεως
579 1902 742 1979 κυριεῦσαι.

171 2054 225 2106 60.
248 2041 349 2106 Arist.
373 2040 445 2106 Pol.
468 2040 540 2105 viii.
564 2039 625 2128 (v.)
650 2042 686 2105 ii.
712 2038 772 2130 (3)
796 2057 824 2124 7.
855 2061 937 2127 1303
954 2063 975 2106 a
991 2061 1029 2127 3:
1060 2043 1227 2123 Συμβοίνει
1253 2041 1280 2106 δ’

127 2148 222 2210 ένίοτε
238 2150 325 2209 τοῦτο
341 2142 388 2232 (τὸ
404 2143 589 2225 αὐξάνεσθαί
603 2169 632 2209 τι
647 2154 708 2211 τῶν
723 2150 776 2225 τῆς
792 2147 910 2212 πόλεως
924 2142 1035 2232 μερῶν)
1052 2143 1100 2209 καὶ
1115 2148 1165 2209 διδ
1179 2144 1281 2228 τύχας,

127 2251 193 2314 οἷον
214 2252 246 2313 ἐν
264 2247 395 2330 Τάραντι
410 2246 458 2334 (8)
478 2247 667 2327 ἡττηθέντων
687 2246 736 2313 καί
757 2248 955 2329 ἀπολομένων
975 2255 1102 2314 πολλῶν
1123 2250 1281 2330 γνωρίμων

127 2354 185 2416 ὑπὸ
200 2359 261 2416 τῶν
274 2351 424 2434 Ἰαπύγων
441 2352 547 2434 μικρὸν
567 2352 696 2435 ὕστερον
710 2358 771 2419 τῶν
791 2357 936 2432 Μηδικῶν
956 2353 1138 2434 δημοκρατία
1159 2352 1280 2434 ἰγένετο

127 2457 160 2520 έκ
176 2457 339 2522 πολιτείας.

192 2649 398 2736 Subsequent
426 2650 522 2718 Ware
544 2651 584 2738 os
601 2650 709 2718 Ταναο
731 2651 813 2719 with
835 2651 886 2718 ίδα
907 2651 1120 2738 Messapiam
1140 2651 1215 2717 αυιί

590 2755 806 2822 Ραιιίιαίίοιιο.

171 2923 225 2978 70.
248 2910 344 2976 Paus.
372 2931 405 2973 x.
430 2930 480 2974 10.
504 2911 525 2973 6
533 2935 541 2974 :
578 2913 773 2993 Ταραντίνων
803 2913 837 2977 δὲ
866 2912 895 2975 οἰ
925 2913 1013 2976 ἵπποι
1042 2911 1072 2974 οί
1097 2913 1211 2994 χαλκοῖ
1230 2906 1280 2972 καί

131 3016 319 3099 αἰχμάλωτοι
334 3019 472 3096 γυναῖκες
494 3016 553 3079 ἀπὸ
576 3016 771 3080 Μεσσαπίων
791 3017 879 3092 εἰσίν,
901 3017 1019 3096 όμόρων
1034 3015 1070 3100 τῇ
1086 3015 1280 3096 Ταραντίνων

127 3119 304 3203 βαρβάρων,
320 3119 473 3202 Ἀγελάδα
487 3120 521 3182 δὲ
535 3119 609 3202 ἔργα
624 3123 675 3183 τοῦ
688 3116 835 3203 Ἀργείου.

172 3277 219 3331 71.
243 3262 332 3328 Ibid.
353 3284 401 3350 13.
422 3283 480 3327 10:
502 3268 731 3346 Ταραντῖνοιδέ
747 3263 795 3330 καί
817 3267 917 3347 ἀλλην
938 3265 1064 3343 δεκάτην
1083 3268 1114 3332 ἐς
1136 3264 1280 3345 Δελφοὺς

128 3370 188 3433 ἀπὸ
214 3368 381 3451 βαρβάρων
412 3368 583 3432 Πευκετίων
611 3368 807 3433 ἀπέστειλαν·
842 3369 934 3452 τέχνη
961 3370 1016 3447 μὲν
1041 3368 1079 3432 τὰ
1105 3366 1281 3447 ἀναθήματα

128 3471 244 3537 Ὀνάτα
259 3477 312 3534 τοῦ
326 3469 489 3552 Αἰγινήτου
502 3468 551 3534 καί
567 3472 726 3535 Καλύνθου
743 3496 777 3536 τε
797 3496 943 3536 εστικωσι
956 3495 1045 3554 εργον
1055 3471 1168 3537 εἰκόνες
1182 3471 1215 3534 δὲ
1232 3466 1280 3532 καὶ

129 3577 227 3654 πεζῶν
251 3572 299 3638 καί
323 3573 449 3652 ἱππέων,
464 3575 616 3654 βασιλεὺς
639 3571 787 3657 Ἰαπύγων
802 3572 896 3641 Ὦπις
919 3575 999 3654 ήκων
1020 3578 1083 3640 τοῖς
1107 3573 1281 3638 Πευκετίοις

129 3679 295 3762 σύμμαχος.
340 3679 425 3745 οὗτος
440 3680 495 3760 μὲν
514 3678 551 3759 δή
573 3680 710 3745 εἴκασται
728 3683 869 3745 τεθνεῶτι
889 3681 922 3744 έν
942 3681 978 3767 τῇ
995 3676 1089 3765 μάχη,
1104 3678 1133 3742 οἰ
1151 3678 1184 3742 δί
1203 3675 1283 3761 αὐτῷ

130 3780 252 3868 κειμένῳ
276 3784 478 3864 ἐφεστηκότες
496 3784 513 3845 ό
533 3783 612 3865 ήρως
634 3781 735 3863 Τάρας
754 3780 820 3847 έστί
842 3780 890 3846 καὶ
912 3781 1073 3849 Φάλανθος
1094 3782 1111 3844 ό
1129 3783 1161 3846 έκ
1184 3783 1280 3847 Λακε-

129 3887 280 3967 δαίμονος,
297 3884 346 3950 καὶ
362 3887 395 3950 οὐ
411 3887 509 3969 πόρρω
525 3891 576 3950 τοῦ
591 3885 755 3951 Φαλάνθου
769 3886 875 3968 δελφίς
891 3893 977 3952 κ.τ.λ.

476 4176 547 4232 ‘Phe
569 4174 740 4245 Emption
762 4175 801 4231 of
818 4174 932 4234 Aitna.

174 4314 227 4369 72.
249 4301 346 4369 Pind.
364 4302 462 4389 Ρηίίι.
478 4303 500 4367 i.
519 4323 558 4388 19
578 4301 665 4391 (35):

607 4408 688 4473 Κίων
711 4406 735 4473 δ’
760 4408 881 4490 οὐρανία
903 4407 1026 4492 συνέχει

303 4510 446 4592 νιφόεσσ’
469 4511 573 4590 Αἴτνα,
596 4511 723 4578 πάνετες
744 4512 850 4595 χιόνος
871 4508 972 4590 όξείος
993 4509 1108 4590 τιθήνα·

675 4631 696 4678 Y
715 4633 734 4681 2
