3000 5046
134 369 247 434 8040]
368 362 455 420 THE
478 360 711 420 ΑΤΗΕΝΙΑΝ
734 362 1054 423 CONFEDERACY.
1265 382 1285 440 9

257 630 321 698 Τίισ
335 631 484 697 Εαιύὶσοδ
499 632 598 718 θίαηυ
613 631 651 717 of
662 631 713 698 the
727 631 905 698 Athenian
921 630 1153 720 Oonfhderacy.

178 797 228 852 ³7.
251 785 352 852 Thuo.
368 788 390 855 i.
408 789 460 869 96.

178 927 232 980 ³8.
256 915 354 981 Diod.
367 917 413 981 xi.
425 933 487 998 47:
512 917 685 1003 ΓΑρχοντος
700 915 866 997 Ἀθήνησιν
882 915 1095 1003 Ἀδειμάντου]
1131 918 1215 985 εὐθὺς
1232 919 1283 984 οὖν

134 1020 221 1100 όμέν
235 1021 423 1102 Ἀριστείδης
442 1023 645 1103 συνεβούλευε
666 1026 730 1088 τοῖς
749 1021 922 1106 συμμάχοις
941 1023 1038 1088 άπασι
1055 1023 1158 1104 κοινὴν
1173 1025 1283 1105 ἄγουσι

134 1125 261 1188 σύνοδον
287 1125 443 1206 ἀποδεῖξαι
472 1123 546 1211 [τὴν]
573 1129 678 1204 Δῆλον
704 1133 804 1192 κοινὸν
829 1131 973 1207 ταμιεῖον,
1001 1126 1050 1191 καί
1079 1132 1115 1191 τὰ
1144 1126 1284 1211 χρήματα

134 1225 231 1292 πάντα
246 1229 284 1293 τὰ
300 1231 490 1313 συναγόμενα
506 1233 548 1297 είς
562 1231 672 1309 ταύτην
688 1231 911 1310 κατατίθεσθαι,
927 1231 1002 1313 πρὸς
1022 1234 1055 1296 δὲ
1075 1232 1128 1296 τὸν
1144 1233 1203 1295 άπὸ
1223 1238 1283 1297 τῶν

133 1335 264 1413 Περσῶν
284 1335 527 1415 ὑποπτευόμενον
549 1335 686 1413 πόλεμον
708 1332 795 1412 τάξαι
820 1334 918 1416 φόρον
940 1340 1006 1401 ταῖς
1031 1335 1143 1400 πόλεσι
1170 1334 1283 1402 πάσαις

133 1438 207 1498 κατὰ
222 1438 357 1518 δύναμιν,
368 1438 447 1503 ὥστε
463 1441 603 1521 γίνεσθαι
618 1441 652 1502 τὸ
669 1443 729 1502 πᾶν
741 1438 892 1520 ἄθροισμα
907 1437 1063 1503 ταλάντων
1075 1441 1283 1504 πεντακοσίων

133 1541 181 1604 καὶ
206 1539 359 1620 ἑξήκοντα.
403 1539 452 1629 (2)
474 1540 595 1627 ταχθείς
618 1545 651 1606 δέ
673 1543 724 1606 ἐπὶ
746 1541 801 1622 τὴν
823 1540 960 1621 διάταξιν
980 1549 1039 1608 τῶν
1059 1543 1172 1625 φόρων,
1189 1545 1281 1611 οὕτως

132 1643 266 1723 ἆκριβῶς
296 1648 345 1711 καὶ
372 1647 491 1713 δικαίως
517 1647 569 1710 τὸν
595 1644 792 1726 διαμερισμὸν
817 1646 963 1724 ἐποίησεν
989 1646 1069 1711 ὥστε
1100 1645 1200 1714 πάσας
1227 1647 1282 1714 τὰς

131 1748 239 1814 πόλεις
257 1751 424 1829 εύδακῆσαι.
469 1750 515 1816 διὸ
537 1751 585 1813 καὶ
606 1755 702 1814 δοκῶν
721 1749 754 1814 έν
772 1774 801 1814 τι
821 1758 881 1815 τῶν
897 1748 1050 1814 ἀδυνάτων
1065 1751 1160 1833 ἔργων
1177 1776 1282 1816 συντε-

131 1852 296 1931 τελεκέναι,
320 1856 469 1936 μεγίστην
496 1855 546 1919 ἐπὶ
573 1853 748 1940 δικαιοσύνῃ
773 1851 866 1932 δόξαν
891 1851 1040 1934 ἐκτήσατο
1071 1852 1119 1918 καὶ
1150 1860 1199 1920 διὰ
1225 1855 1281 1935 τὴν

130 1957 309 2038 ὑπερβολὴν
332 1963 385 2038 τῆς
411 1958 602 2036 δικαιοσύνης
627 1960 742 2023 δίκαιος
768 1956 977 2037 ἐπωνομάσθη.
1022 1956 1070 2043 (3)
1092 1957 1145 2039 ὑφ’
1169 1959 1223 2023 ένα
1249 1962 1282 2023 δέ

132 2059 181 2122 καὶ
199 2061 252 2123 τδν
270 2062 360 2128 αὐτὸν
375 2063 510 2143 κοιρδνὴ
527 2064 582 2143 μὲν
597 2066 650 2126 τοῦ
666 2062 841 2126 Παυσανίου
862 2062 950 2125 κακία
968 2065 1021 2141 τῆς
1039 2064 1113 2125 κατὰ
1128 2060 1282 2129 θάλατταν

130 2159 293 2243 ἡγεμονίας
313 2167 459 2248 ἐστέρησε
478 2166 547 2233 τοὺς
567 2166 703 2242 πολίτας,
719 2164 737 2244 ἡ
753 2165 942 2246 Ἀριστείδου
961 2168 994 2230 δέ
1014 2168 1087 2228 κατὰ
1108 2170 1168 2230 πᾶν
1189 2166 1280 2248 άρετὴ

131 2265 184 2331 τὰς
200 2266 330 2347 Ἀθήνας
350 2272 405 2349 την
426 2272 478 2335 ούκ
499 2271 594 2335 οὖσαν
614 2268 798 2351 στρατηγίαν
816 2269 940 2349 ἐποίησε
962 2267 1142 2348 κτήσασθαι.
1188 2275 1281 2334 ταῦτα

130 2372 186 2449 μὲν
201 2371 252 2435 οὖν
267 2372 404 2456 ἐπράχθη
421 2378 494 2437 κατὰ
508 2380 614 2438 τοῦτον
629 2379 682 2437 τὸν
696 2373 840 2436 ἐνιαυτόν.

173 2501 225 2557 30.
250 2489 383 2581 [Arist]
400 2492 497 2577 Resp.
513 2492 590 2558 Ath.
609 2511 658 2578 νη,
676 2510 726 2572 α4.

172 2621 230 2677 40.
254 2611 342 2677 Plut.
357 2614 459 2678 νίτίυί.
477 2633 538 2692 24:
561 2616 602 2678 Οἱ
619 2614 644 2679 δ’
655 2613 807 2692 Ἕλληνες
823 2611 945 2677 ἐτέλουν
958 2612 1015 2694 μέν
1035 2638 1101 2679 τινα
1117 2611 1166 2678 καὶ
1182 2619 1279 2679 Λακε-

130 2717 290 2795 δαιμονίων
304 2716 479 2801 ἡγουμένων
495 2721 654 2800 ἇποφορδν
669 2721 712 2784 είς
726 2723 780 2781 τὸν
795 2719 941 2798 πόλεμον,
952 2721 1100 2802 ταχθῆναι
1116 2722 1148 2783 δέ
1164 2722 1279 2800 βουλό-

129 2844 213 2898 μενοι
234 2824 309 2884 κατὰ
325 2822 416 2886 πόλιν
433 2821 571 2889 ἑκάστοις
586 2822 620 2886 τὸ
637 2822 758 2904 μέτριον
774 2819 924 2909 ᾐτήσαντο
939 2824 1020 2902 παρὰ
1035 2827 1095 2886 τῶν
1109 2820 1278 2901 Ἀθηναίων

128 2920 327 3004 Ἀριστείδην,
340 2928 388 2990 καὶ
404 2924 593 3009 προσέταξαν
605 2927 682 3011 αὐτῷ
693 2925 797 3010 χώραν
810 2951 843 2989 τε
859 2921 906 2988 καὶ
922 2927 1091 3007 προσόδους
1106 2929 1279 3009 ἐπισκεψά-

127 3052 219 3106 μενον
236 3028 337 3108 ὁρίσαι
359 3036 394 3093 τδ
418 3030 481 3094 κατ’
503 3030 590 3111 ἀξίαν
611 3031 729 3115 ἑκάστῳ
753 3031 802 3093 καὶ
825 3029 959 3107 δύναμιν.
1005 3032 1021 3094 ὁ
1044 3033 1077 3095 δὲ
1097 3033 1278 3111 τηλικαύτης

128 3128 269 3209 ἐξουσίας
282 3133 380 3216 κύριος
390 3135 550 3218 γενόμενος
563 3132 610 3199 καί
623 3136 734 3217 τρόπον
743 3132 811 3196 τινὰ
822 3136 874 3212 τῆς
883 3131 1095 3200 Ἑλλάδος’ἐπ
1105 3136 1185 3220 αὐτῷ
1196 3137 1277 3222 μόνῳ

129 3233 166 3297 τὰ
181 3235 341 3320 πράγματα
362 3238 458 3303 πάντα
479 3237 611 3320 θεμένης,
627 3241 718 3319 πένης
738 3241 796 3318 μὲν
815 3236 953 3316 ἐξῆλθεν,
969 3239 1123 3317 ἐπανῆλθε
1141 3242 1175 3303 δὲ
1190 3240 1278 3304 πενέ-

129 3364 246 3422 στερος,
268 3341 303 3404 ού
322 3343 415 3420 μόνον
438 3343 573 3425 καθαρῶς
596 3340 644 3407 καί
666 3344 796 3419 δικαίως,
820 3342 902 3404 άλλδ
925 3342 974 3405 καὶ
997 3348 1177 3424 προσφιλῶς
1200 3347 1277 3408 πᾶσι

129 3444 178 3506 καὶ
198 3446 346 3526 ἁρμοδίως
366 3445 421 3525 τὴν
442 3447 614 3530 ἐπιγραφὴν
633 3453 694 3510 τῶν
715 3446 876 3531 χρημάτων
898 3444 1112 3524 ποιησάμενος.
1158 3445 1198 3512 ὡς
1220 3447 1278 3529 γὰρ

128 3549 157 3611 οἱ
173 3545 298 3611 παλαιοὶ
318 3555 371 3613 τὸν
391 3547 441 3613 ε’πὶ
464 3551 580 3631 Κρόνου
594 3551 677 3630 βίον,
692 3551 786 3616 αύτως
807 3550 836 3613 οἱ
858 3549 1011 3632 σύμμαχοι
1032 3555 1091 3612 τῶν
1109 3549 1278 3627 Ἀθηναίων

127 3649 179 3714 τὸν
195 3651 243 3715 ἐπ’
257 3651 446 3733 Ἀριστείδαν
462 3655 559 3736 φόρον
574 3653 735 3733 εὐποτμίαν
755 3656 821 3717 τινὰ
843 3656 896 3732 τῆς
910 3650 1062 3718 Ἑλλάδος
1082 3652 1279 3732 ὀνομάζοντες

126 3754 248 3833 ὕμνουν,
272 3753 320 3819 καὶ
343 3755 480 3837 μάλιστα
504 3757 569 3837 μετ’
591 3757 625 3821 ού
652 3755 749 3821 πολὺν
772 3757 885 3839 χρόνον
911 3755 1197 3835 διπλασιασθέντος,
1223 3757 1276 3822 εἶτ’

127 3856 211 3925 αὖθις
236 3861 539 3942 τριπλασιασθέντος.
585 3861 621 3926 δν
648 3863 704 3940 μὲν
730 3863 786 3943 γάρ
812 3860 1001 3941 Ἀριστείδης
1027 3858 1142 3939 έταξεν,
1170 3860 1207 3940 ἦν
1234 3864 1277 3927 είς

128 3961 274 4041 ἐξήκοντα
294 3965 343 4028 καὶ
363 3967 564 4047 τετρακοσίων
582 3965 738 4029 ταλάντων
758 3965 860 4047 λόγον·
882 3963 976 4049 τούτῳ
997 3967 1030 4029 δέ
1052 3967 1204 4045 Περικλῆς
1220 3969 1278 4045 μὲν

127 4067 275 4147 ἐπέθηκεν
289 4068 394 4151 ὀλίγου
412 4073 475 4133 δεῖν
490 4074 525 4133 τδ
541 4070 642 4149 τρίτον
655 4069 755 4149 μέρος·
780 4067 923 4148 ἑξακόσια
937 4071 994 4150 γὰρ
1009 4066 1145 4131 τάλαντα
1160 4070 1277 4133 Θουκυ·

126 4171 211 4250 δίδης
231 4168 329 4253 φησὶν
350 4171 519 4255 ἀρχομένου
540 4177 593 4235 τοῦ
614 4172 750 4252 πολέμου
770 4172 929 4253 προσιέναι
948 4176 1011 4238 τοῖς
1026 4169 1200 4250 Ἀθηναίοις
1216 4171 1277 4236 άπὸ

125 4281 186 4338 τῶν
197 4273 373 4360 συμμάχων·
398 4275 583 4357 Περικλέους
594 4275 620 4340 δ’
633 4276 839 4342 ἀποθανόντος
850 4277 1049 4342 ἐπιτείνοντες
1061 4277 1090 4338 οἱ
1102 4277 1277 4357 δημαγωγοὶ

126 4377 202 4443 κατὰ
222 4379 330 4460 μικρὸν
352 4382 396 4446 είς
417 4381 528 4464 χιλίων
552 4377 600 4444 καὶ
622 4381 804 4462 τριακοσίων
827 4379 983 4444 ταλάντων
1009 4377 1178 4460 κεφάλαιον
1204 4377 1276 4456 ἀνή-

125 4507 229 4565 γαγον,
259 4483 315 4568 οὐχ
346 4485 422 4548 οὕτω
452 4489 505 4549 τοῦ
536 4484 673 4565 πολέμου
702 4487 751 4549 διὰ
781 4487 873 4565 μῆκος
904 4485 954 4548 καὶ
983 4483 1076 4568 τύχας
1106 4485 1276 4564 δαπανηροῦ
