3000 5046
182 368 296 434 οο-ωη
438 363 530 420 τινα
554 363 711 422 ALLIES
734 364 828 422 Ανο
855 365 1071 425 commas
1295 380 1335 440 97

357 563 421 622 οίδε
443 559 501 640 γὰρ
523 561 557 624 ἔν
580 561 649 647 γαίη
673 561 790 640 Μήδων
811 560 946 629 πολλοὺς
969 561 1135 629 ὀλέσαντες

400 665 551 726 Φοινίκων
575 665 680 728 ἑκατὸν
702 669 774 731 ναῦς
796 666 869 730 ἔλον
890 667 923 730 ἔν
946 664 1074 746 πελάγει

357 764 474 845 ἀνδρῶν
496 767 681 847 πληθούσας,
703 766 784 850 μέγα
805 765 831 831 δ’
853 768 976 834 ἔστενεν
997 765 1087 835 Ἀσὶς
1107 765 1156 831 ὑπ’
1178 767 1276 831 αὐτῶν

400 867 543 952 πληγεῖσ’
563 870 747 952 ἀμφοτέραις
768 870 858 954 χερσὶ
881 871 982 953 κράτει
1004 870 1149 950 πολέμου.

226 968 276 1034 Cf.
293 997 325 1036 τ.
340 996 367 1037 τ.
383 978 518 1054 ποραφθ.
536 972 600 1056 380
614 972 647 1037 J.
664 970 711 1057 (ii.
728 995 760 1060 p.
776 987 840 1055 512
856 974 983 1062 Dind.).

226 1110 280 1163 54.
302 1098 438 1165 Anthol,
461 1099 529 1166 Pal.
546 1100 602 1164 vii.
620 1103 693 1183 296·
738 1104 903 1185 Σιμωνίδου
929 1109 981 1168 τού
1006 1099 1087 1191 Κῄου
1096 1103 1116 1167 ¹.

311 1200 369 1284 Ἐξ
392 1203 427 1267 ού
450 1204 475 1268 τ’
502 1207 646 1285 Εὐρώπαν
660 1204 768 1274 Ἀσίας
783 1209 855 1291 δίχα
871 1208 980 1274 πόντος
996 1208 1106 1285 ἔνειμε,

355 1306 404 1372 καὶ
424 1309 558 1388 πόλεμον
579 1317 663 1376 λαῶν
684 1315 790 1392 θοῦρος
808 1309 902 1393 Ἀρης
924 1312 1041 1391 ἔφέπει,

311 1411 425 1493 ούδαμά
440 1440 486 1477 πω
509 1414 638 1480 κάλλιον
660 1416 843 1497 ἐπιχθονίων
864 1414 962 1498 γένετ’
984 1416 1100 1496 ἀνδρῶν

355 1515 442 1597 ἔργον
463 1519 496 1580 ἐν
514 1516 627 1604 ἠπείρῳ
651 1519 699 1583 καὶ
722 1523 798 1583 κατὰ
820 1520 932 1583 πόντον
955 1518 1025 1596 ἅμα.

309 1620 373 1682 οἵδε
395 1623 453 1702 γὰρ
475 1621 507 1686 ἔυ
530 1621 638 1705 Κύπρῳ
662 1621 777 1702 Μήδων
799 1622 935 1689 πολλοὺς
958 1622 1121 1688 ὀλέσαντες

352 1724 505 1789 Φοινίκων
526 1725 633 1790 ἔκατόν
655 1731 726 1792 ναῦς
748 1726 820 1791 ἔλον
842 1727 875 1790 ἔν
897 1725 1027 1808 πελάγει

309 1827 425 1908 άυδρῶν
446 1828 633 1907 πληθούσας·
655 1830 732 1913 μίγα
754 1827 780 1894 δ’
802 1831 925 1894 ἔστενεν
946 1827 1044 1914 [Ἀσὶς
1066 1826 1115 1892 ὑπ’
1137 1826 1243 1909 αὐτῶν]

351 1932 498 2025 πληγεΐσῖ
517 1932 702 2016 ὀμφοτέραις
723 1932 812 2019 χερσὶ
837 1932 936 2014 κράτει
961 1934 1105 2010 πολέμου.

600 2160 736 2248 Ινγίιύαιι
761 2160 909 2228 Ττὶύυίο.

222 2312 276 2365 55.
296 2300 331 2363 0.
349 2299 379 2366 Ι.
397 2302 440 2366 Α.
458 2301 479 2367 i.
498 2321 570 2387 234.
586 2299 663 2390 (iii.)
679 2322 729 2388 31.
776 2300 838 2367 See
853 2309 902 2364 11.
920 2311 951 2365 9.

666 2486 829 2553 Phaselis.

218 2636 272 2691 οο.
297 2626 331 2692 C.
346 2624 376 2690 I.
392 2627 435 2691 A.
451 2627 473 2691 i.
491 2628 565 2693 ινα.
581 2624 742 2714 (iii.)5b.
789 2623 851 2690 See
866 2634 959 2688 11.L

218 2730 252 2796 0.
268 2728 298 2793 Ι.
314 2730 356 2794 Α.
372 2729 394 2796 i.
411 2730 483 2796 228.
500 2725 549 2817 (1)
565 2751 595 2815 9.
640 2728 813 2794 See1103.

219 2834 253 2897 θ.
270 2834 300 2898 Ι.
319 2836 361 2899 A.
377 2833 399 2897 i.
418 2853 490 2918 229.
506 2833 555 2921 (i.)
576 2855 603 2898 1.
649 2832 774 2898 See11.
791 2844 823 2896 4.

218 2938 252 3002 0.
269 2937 300 3003 I.
316 2938 359 3002 A.
375 2940 398 3003 i.
417 2959 479 3024 230
493 2938 532 3003 fr.
549 2950 600 3020 25,
615 2935 678 3024 (ii.)
697 2957 744 3004 12.
789 2935 850 3001 See
866 2945 914 3000 11.
931 2948 961 3001 5.

217 3041 250 3106 ο.
267 3041 296 3105 1.
314 3045 355 3107 A.
371 3043 393 3106 i.
411 3024 642 3131 231.(1fi.)24.
688 3040 748 3106 See
764 3051 812 3105 11.
829 3053 860 3104 ο.

216 3145 297 3209 01.
315 3146 356 3209 Α.
373 3145 394 3208 i.
413 3165 485 3225 244.
502 3144 550 3232 ί.)
563 3167 616 3224 41.
663 3145 724 3210 See
739 3154 788 3209 11.
804 3156 854 3210 19.

586 3357 700 3423 Βουοίί
722 3357 762 3442 of
780 3355 908 3422 Τύαοοο.

213 3506 265 3561 5¹1.
288 3494 390 3560 Thuc.
408 3495 429 3559 i.
449 3513 519 3560 100.
537 3513 575 3572 2;
600 3514 671 3559 101.
691 3515 718 3570 1,
736 3515 765 3580 3.

214 3636 267 3688 5⁸.
292 3621 389 3687 Diod.
407 3623 452 3686 xi.
474 3638 533 3704 70:
557 3620 624 3686 Ἐπ’
639 3622 785 3707 ὀρχοντος
806 3620 832 3685 δ’
845 3621 1015 3701 Ἀθήνησιν
1030 3618 1247 3703 Ἀρχεδημίδου
1263 3669 1270 3684 .
1288 3668 1295 3683 .
1314 3670 1320 3684 .

170 3728 320 3805 ὀλυμπιὰς
343 3727 368 3791 δ’
393 3725 473 3809 ἤχθη
501 3725 711 3807 ἑβδομηκοστὴ
739 3723 788 3789 καὶ
813 3726 913 3804 ἐνάτη,
941 3723 1006 3788 καθ’
1031 3722 1068 3803 ἣν
1091 3725 1176 3788 ἔνίκα
1199 3723 1322 3788 στάδιον

171 3834 320 3912 Ξενοφῶν
342 3832 510 3911 Κορίνθιος.
556 3827 605 3893 ἐπὶ
628 3832 660 3893 δὲ
683 3830 795 3893 τούτων
818 3830 1005 3895 ὀποστάντες
1028 3829 1141 3891 Θάσιοι
1158 3827 1218 3891 άπό
1233 3826 1321 3907 Ἀθη-

170 3935 269 4003 ναίωυ,
284 3933 443 4015 μετάλλων
467 3935 740 4013 ἀμφισβητοῦντες,
765 3932 1046 4013 ἔκπολιορκηθέντες
1068 3933 1126 3995 ὑπὸ
1149 3936 1208 3996 τῶν
1230 3928 1320 4009 Ἀθη-

169 4040 269 4117 ναίων,
285 4035 522 4119 ἠναγκάσθησαν
538 4034 696 4100 πάλινὺπ’
712 4036 844 4102 ἐκείνους
861 4036 1033 4100 τάττεσθαι.

212 4177 267 4230 59.
292 4163 378 4230 Plut.
403 4163 490 4229 Oim.
519 4184 577 4241 14:
612 4164 667 4228 Ἐκ
691 4168 724 4229 δὲ
751 4164 857 4227 τούτου
881 4165 1017 4230 Θασίους
1044 4167 1101 4244 μὲν
1128 4163 1320 4232 ὀποστάντας

167 4267 335 4347 Ἀθηναίων
359 4266 630 4351 καταναυμαχήσας
651 4271 730 4349 τρεῖς
747 4269 795 4330 καὶ
817 4267 976 4348 τριάκοντα
996 4274 1067 4333 ναῦς
1084 4270 1180 4346 ἔλαβε
1197 4265 1245 4331 καί
1265 4270 1319 4345 τὴν

200 4439 330 4489 ¹Lemma
351 4443 376 4490 Σ.
400 4441 445 4490 τοῦ
468 4438 542 4506 Κῇου,
565 4440 597 4489 είς
622 4437 678 4487 τοὺς
705 4437 768 4499 μετὰ
795 4437 903 4499 Κίμωνος
932 4435 1158 4502 οτραπευααμίνους
1183 4437 1210 4487 ἔν
1233 4436 1319 4504 Κύπρῳ

167 4518 312 4581 Ἀθηναίους,
330 4517 372 4569 δτε
390 4517 432 4568 τός
448 4515 470 4581 ρ’
482 4519 539 4568 ναῦς
555 4517 604 4567 τῶν
621 4515 738 4566 Φοινίκων
754 4513 854 4571 ἔλαβεν.

729 4616 753 4663 Η
