3000 5046
158 376 271 442 κιαι]
507 369 593 429 THE
617 370 646 428 Α
653 370 850 429 ΤΗΕΝΙΑΝ
874 370 979 430 CITY.
1254 369 1311 449 185

158 565 410 644 Λακεδαιμονίους
430 565 481 643 ἔτη
506 565 744 646 τριάκοντα
767 561 814 649 (7)
923 566 956 628 ἐν
982 565 1096 631 τούτοις
1123 570 1184 631 τοῖς
1211 567 1313 632 ἐτεσιν

158 665 277 748 εἰρήνην
300 667 450 747 λαβόντες
474 669 679 751 ἀνηνέγκαμεν
693 669 779 752 χίλια
794 667 928 732 τάλαντα
944 671 986 735 είς
1002 668 1057 749 τήν
1072 668 1245 750 ἀκρόπολιν,
1263 670 1312 734 καὶ

157 771 238 855 νόμῳ
253 769 479 857 κατεκλῄσαμεν
499 771 636 853 ἐξαίρετα
652 772 727 836 εἶναι
742 771 886 857 τῷδήμῳ,
902 777 990 835 τοῦτο
1010 775 1043 836 δὲ
1063 771 1191 854 τριήρεις
1213 775 1312 840 άλλας

158 876 264 939 ἑκατὸν
287 875 568 957 ἐναυπηγησάμεθα,
584 874 633 938 καὶ
657 877 764 941 ταύτας
788 873 956 954 ἐξαιρέτους
981 875 1201 958 ἐψηφισάμεθα
1222 877 1311 956 εἶναι,

158 978 335 1044 νεωσοίκους
351 1004 384 1042 τε
399 980 668 1058 οίκοδομησάμεθα,
687 981 805 1063 χιλίους
820 1003 853 1042 τε
869 976 918 1043 καὶ
936 981 1107 1045 διακοσίους
1128 980 1237 1046 ίππέας
1261 983 1310 1044 καὶ

157 1079 281 1159 τοξότας
296 1082 457 1149 τοσούτους
473 1083 589 1165 ἑτέρους
608 1083 847 1163 κατεστήσαμεν,
863 1085 960 1147 καὶτὸ
976 1087 1076 1167 τεῖχος
1092 1090 1127 1147 τδ
1147 1089 1259 1165 μακρὸν
1276 1090 1310 1147 τὸ

157 1185 256 1249 νότιον
271 1187 436 1268 ἐτειχίσθη.
1216 1180 1221 1186 ’

200 1287 316 1353 Aeseh.
334 1307 353 1354 2
368 1288 498 1373 defals.
513 1289 573 1375 ίαρ.
592 1305 662 1372 172.
708 1290 769 1356 See
786 1289 892 1357 above
907 1301 960 1357 47.

408 1545 478 1602 The
501 1545 637 1604 statues
659 1544 774 1603 ottho
797 1543 1054 1615 Tyrannicidae.

366 1691 452 1756 Date
474 1689 513 1777 of
531 1690 667 1776 Ηορόοο,
689 1689 825 1757 Κνίδιοι
847 1691 921 1757 συθ
942 1691 1098 1758 Nasiotas.

201 1841 254 1894 54.
278 1829 361 1894 ΡΙίπ.
375 1828 418 1894 Ν.
432 1830 476 1895 H.
493 1850 544 1915 34.
557 1850 609 1913 49.
643 1828 707 1894 Dio
722 1828 839 1915 Chrys,
851 1844 904 1911 55.
920 1849 945 1909 1,
956 1851 988 1917 p.
1003 1830 1064 1898 282
1075 1830 1127 1910 R„
1140 1832 1199 1910 641
1215 1831 1309 1919 Emp.

202 1961 256 2013 55.
281 1949 377 2014 Paus.
392 1949 414 2013 i.
432 1952 460 2014 8.
477 1964 515 2031 5:
539 1951 585 2014 Ού
600 1950 699 2033 πόρρω
724 1953 755 2014 δέ
781 1953 909 2014 ἑστᾶσιν
923 1938 1081 2032 Ἀρμόδιος
1101 1949 1150 2015 καὶ
1169 1952 1310 2033 Ἀριστο·

157 2055 264 2135 γείτων
280 2057 309 2118 οί
331 2055 498 2122 κτείναντες
517 2053 689 2137 Ἵππαρχον
704 2103 712 2120 .
729 2104 736 2119 .
753 2104 761 2119 .
777 2059 837 2120 τῶν
860 2057 893 2118 δὲ
914 2054 1098 2137 άνδριάντων
1120 2057 1149 2119 οἱ
1171 2055 1225 2135 μέν
1248 2057 1310 2120 είσι

159 2160 281 2238 Κριτίου
297 2159 398 2241 τέχνη,
416 2161 484 2225 τοὺς
500 2162 531 2223 δὲ
548 2160 691 2243 άρχαίονς
711 2161 857 2238 ἐποίησεν
872 2155 1033 2240 Ἀντήνωρ.
1079 2157 1195 2240 Ξέρξου
1211 2158 1254 2237 δέ,
1271 2159 1310 2226 ὦς

158 2264 241 2327 εἶλεν
266 2262 395 2340 Ἀθήνας
425 2264 612 2328 ἐκλιπόντων
638 2269 672 2327 τδ
699 2262 778 2327 άστυ
800 2261 976 2343 Ἀθηναίων,
1003 2263 1235 2344 άπαγαγομίνου
1261 2264 1310 2328 καὶ

158 2365 279 2433 τούτους
294 2366 346 2431 άτε
362 2366 485 2449 λάφυρα
500 2366 693 2450 κατέπεμψεν
703 2369 831 2450 ὕστερον
845 2367 1018 2445 Ἀθηναίοις
1033 2365 1200 2452 Ἀντίοχος.

201 2499 255 2551 56.
278 2486 394 2551 Marm.
421 2487 494 2553 Par.
517 2500 561 2569 54
586 2486 670 2576 (70):
703 2487 777 2569 Ἀφ’
800 2487 836 2552 ού
942 2490 973 2553 αί
1001 2488 1112 2554 είκόνες
1137 2487 1311 2567 ἐστάθησαν

157 2587 316 2672 Ἀρμοδίου
332 2597 379 2654 καὶ
393 2593 662 2676 Ἀριστογείτονος,
678 2594 730 2673 ἐτη
747 2589 846 2657 ΗΗΔΙ
856 2592 900 2677 Ι[Ι]
918 2590 989 2680 (71)
1003 2591 1149 2676 άρχοντος
1164 2591 1310 2671 Ἀθήνησι

158 2693 381 2779 [Λήδειμάντου.

201 2826 252 2882 57.
275 2816 352 2882 Luc.
380 2815 529 2900 Ρήἱίομο.
566 2815 625 2895 183
670 2815 764 2884 Βάαλ
794 2816 909 2883 Ρναιο.
936 2837 965 2900 9.
1014 2815 1109 2883 Ραυα.
1140 2815 1162 2880 i.
1197 2834 1247 2901 23.
1279 2838 1309 2902 9.

157 2917 299 2998 Quintil.
316 2920 375 2986 xii.
394 2941 443 2986 10.
462 2937 491 3003 7.
532 2921 616 2987 Plin.
635 2921 735 2986 NJJ.
752 2942 804 3007 34.
822 2922 872 3003 78.
1321 2927 1323 2932 '

336 3178 443 3234 work
466 3178 504 3233 or
523 3177 649 3235 Kimon
671 3178 709 3233 in
732 3178 932 3247 deoomting
953 3177 1012 3234 tho
1036 3175 1125 3247 city.

202 3317 257 3372 58.
279 3304 374 3371 Paus.
390 3304 412 3369 i.
431 3307 480 3372 28.
497 3324 534 3391 3:
558 3309 604 3395 Τῇ
627 3310 660 3371 δὲ
683 3307 856 3389 ἀκροπόλει,
880 3306 962 3385 πλήν
984 3306 1058 3369 όσον
1077 3306 1181 3384 Κίμων
1202 3305 1310 3390 ᾠκοδό-

156 3434 255 3490 μησεν
277 3410 367 3488 αύτῆς
387 3410 404 3473 ά
425 3408 604 3489 Μιλτιάδου,
621 3414 801 3491 περιβαλεῖν
814 3414 848 3472 τὸ
862 3414 971 3474 λοιπὸν
984 3409 1109 3492 λέγεται
1124 3414 1176 3472 τοῦ
1192 3410 1310 3493 τείχους

158 3513 340 3596 Πελασγοὺς
356 3512 535 3592 οἰκήσαντάς
550 3539 623 3578 ποτε
637 3514 696 3577 ύπδ
711 3513 767 3593 τήν
781 3512 954 3592 άκράπολιν.

201 3644 255 3699 59.
279 3632 375 3700 Corn.
398 3633 483 3722 Nep.
499 3634 585 3699 eim.
603 3653 640 3701 αι
673 3631 737 3698 His
760 3654 802 3698 ex
826 3630 993 3698 manubiis
1015 3631 1223 3699 Athenarum
1238 3650 1310 3708 arx,

158 3758 225 3824 qua
237 3737 282 3803 ad
296 3737 467 3803 meridiem
483 3737 601 3824 vergit,
617 3744 667 3802 est
681 3742 808 3803 ornata.

202 3870 258 3924 60.
281 3858 369 3924 Plut.
389 3858 475 3924 Cim.
495 3878 552 3944 13:
576 3863 702 3942 Πρῶτος
720 3861 754 3924 δέ
774 3863 838 3925 ταῖς
857 3856 1035 3941 λεγομέναις
1056 3856 1237 3936 ἐλευθερίοις
1260 3853 1310 3919 καὶ

157 3967 326 4045 γλαφυραῖς
355 3969 533 4045 διατριβαῖς,
563 3963 594 4028 αδ
622 3970 729 4046 μικρὸν
756 3964 883 4045 ὕστερον
911 3964 1072 4044 ὑπερφυῶς
1098 3958 1310 4043 ἠγαπήθησαν,

158 4068 352 4132 ἐκαλλώπισε
367 4073 401 4130 τδ
421 4068 509 4145 άστυ,
525 4068 580 4148 τὴν
598 4071 655 4147 μὲν
676 4069 790 4150 άγορδν
811 4064 976 4132 πλατάνοις
1000 4065 1237 4146 καταφυτεύσας,
1253 4062 1309 4142 τὴν

157 4169 184 4234 δ’
199 4170 398 4250 Ἀκαδήμειαν
413 4169 449 4249 ἐξ
461 4172 585 4252 ἀνύδρου
600 4168 650 4234 καὶ
670 4171 824 4254 αθχμηρᾶς
840 4168 1021 4251 κατάρρυτον
1036 4167 1197 4247 άποδείξας
1212 4166 1310 4234 άλσος

156 4272 328 4354 ήσκημένον
342 4273 390 4338 ὑπ’
407 4274 496 4338 αύτοῦ
512 4275 631 4357 δρόμοις
647 4278 785 4355 καθαροῖς
802 4270 851 4337 καὶ
867 4275 1005 4338 συσκίοις
1021 4270 1205 4354 περιπάτοις.

202 4404 250 4456 61.
272 4392 359 4457 Plut.
371 4392 541 4478 Praecept.
550 4415 615 4479 μετ’.
629 4393 713 4478 reip.
730 4412 771 4472 24
786 4391 875 4482 (Είίι.
887 4392 948 4457 818
962 4390 1026 4479 D):
1040 4393 1144 4471 Κίμων
1154 4391 1308 4473 ἐκόσμησε

157 4497 212 4578 τήν
228 4498 340 4579 άγορδν
355 4498 516 4563 πλατάνων
531 4500 668 4580 φυτείαις
683 4495 731 4562 καὶ
747 4497 933 4581 περιπάτοις.
