3000 5046
153 349 294 414 mm]
465 343 552 401 THE
580 341 790 401 ιναςτῑπν
816 344 991 403 GREEKS.
1244 352 1303 420 337

148 532 284 616 ’Όμηρον
313 537 361 601 καὶ
386 537 544 618 Ἡσίοδον,
571 542 619 604 καὶ
647 540 732 605 θεοὺς
758 539 842 605 αὖθις
865 538 1053 618 Ἀσκληπιὸν
1080 543 1129 605 καὶ
1159 540 1302 623 Ὑγίειαν.

153 635 200 724 (3)
223 637 323 722 Ἀγύν
338 666 372 706 τε
390 644 501 711 ἐντοῖς
519 642 709 723 ἀναθήμασίν
724 645 792 707 ἐστι
809 647 872 709 τοῖς
888 644 1024 708 Μικύθου
1042 646 1144 726 φέρων
1161 647 1302 724 ἁλτῆρας.

154 744 182 805 οί
209 744 241 806 δέ
267 746 395 829 ἁλτῆρες
422 731 505 810 ούτοι
530 746 712 830 παρέχονται
739 749 845 830 σχῆμα
871 747 998 810 τοιόνδε·
1031 747 1141 811 κύκλου
1167 772 1304 828 παραμη-

155 849 298 929 κεστέρου
312 848 361 912 καὶ
374 849 426 913 ούκ
439 851 469 916 ἐς
485 849 520 913 τὸ
535 849 756 931 ἀκριβέστατον
770 855 952 931 περιφεροῦς
967 847 1048 915 είσίν
1062 850 1166 929 ἥμισυ,
1180 851 1304 927 πεποίη-

154 975 203 1013 ται
218 955 250 1016 δὲ
266 951 306 1018 ὡς
326 951 375 1016 καὶ
389 956 458 1019 τοὺς
473 954 637 1019 δακτύλους
651 960 711 1017 τῶν
731 959 842 1036 χειρῶν
857 955 963 1019 διιέναι
982 952 1116 1035 καθάπερ
1132 953 1169 1016 δι’
1185 953 1305 1035 ὀχάνων

111 1069 113 1073 ’
155 1055 293 1120 ἀσπίδος.
337 1058 450 1123 τούτων
472 1058 528 1137 μὲν
551 1057 587 1136 δὴ
613 1055 718 1142 σχῆμά
745 1061 811 1121 ἐστι
836 1063 870 1120 τδ
894 1058 1060 1138 εἰρημένον·
1091 1055 1173 1139 παρὰ
1196 1057 1229 1119 δέ
1252 1060 1305 1119 τοῦ

153 1154 290 1239 Ἀγῶνος
305 1160 361 1239 τήν
376 1161 477 1225 είκθνα
493 1161 644 1227 Διόνυσος
662 1161 710 1224 καὶ
729 1162 746 1224 6
763 1159 853 1244 Θρᾷξ
866 1161 950 1226 ἐστιν
965 1161 1096 1242 Ὀρφεὺς
1114 1161 1163 1224 καὶ
1183 1159 1307 1242 ἀγαλμα

157 1261 240 1337 Διός,
264 1263 298 1326 ού
323 1265 360 1343 δὴ
386 1267 435 1328 καὶ
462 1266 557 1348 ὀλίγῳ
584 1265 730 1346 πρότερον
756 1263 957 1343 ἐπεμνήσθην.
1004 1270 1095 1328 ταῦτα
1122 1265 1196 1345 ἔργα
1222 1264 1305 1327 ἐστὶν

154 1361 293 1447 Ἀργείου
315 1370 483 1433 Διονυσίου.
529 1370 651 1445 τεθῆναι
674 1370 706 1432 δέ
729 1371 788 1431 ύπδ
810 1373 862 1431 τοῦ
887 1368 1024 1431 Μικύθου
1052 1365 1100 1432 καί
1127 1368 1209 1431 ἀλλα
1232 1369 1306 1445 ὁμοῦ

156 1468 272 1537 τούτοις
293 1471 429 1553 λέγουσι,
450 1472 579 1554 Νέρωνα
601 1475 633 1536 δέ
655 1471 827 1552 ἀφελέσθαι
850 1473 930 1552 φασὶ
953 1473 1003 1534 καὶ
1026 1476 1127 1533 ταῦτα.
1172 1467 1221 1557 (4)
1244 1475 1306 1537 τοῖς

156 1576 189 1635 δέ
204 1574 418 1656 ἐργασαμένοις
432 1574 514 1650 αύτά,
527 1574 616 1657 γένος
630 1575 717 1639 ούσιν
731 1573 887 1657 Ἀργείοις,
900 1576 1052 1658 Διονυσίῳ
1064 1598 1097 1639 τε
1110 1575 1158 1636 καὶ
1172 1575 1306 1660 Γλαύκῳ,

156 1675 339 1741 διδάσκαλόν
357 1687 469 1759 σφισιν
487 1679 593 1744 οὐδένα
611 1680 817 1761 ἐπιλέγουσιν·
839 1677 962 1755 ἡλικίαν
980 1678 1013 1742 δέ
1033 1677 1131 1741 αύτῶν
1146 1678 1163 1740 6
1178 1680 1216 1739 τά
1234 1678 1307 1758 ἐργα

157 1784 187 1847 ἐς
202 1778 374 1861 Ὀλυμπίαν
389 1781 509 1849 ἀναθεὶς
527 1784 731 1847 ἐπιδείκνυσιν
747 1785 764 1845 6
779 1784 925 1848 Μίκυθος.
970 1787 1024 1846 τδν
1038 1785 1096 1864 γδρ
1115 1781 1151 1860 δή
1172 1781 1307 1844 Μίκυθον

157 1890 263 1951 τοῦτον
286 1882 451 1967 Ἡρόδοτος
473 1888 533 1968 ἐφη
556 1889 589 1950 ἐν
611 1891 673 1952 τοῖς
697 1886 804 1968 λόγοις
830 1875 869 1953 ὦς
895 1883 1042 1964 Ἀναξίλα
1068 1890 1120 1949 τοῦ
1142 1887 1176 1948 ἐν
1197 1883 1306 1969 Ῥηγίῳ

158 1988 396 2067 τυραννήσαντος
412 1990 573 2068 γενόμενος
590 1995 697 2055 δοῦλος
717 1987 765 2052 καὶ
782 1989 888 2067 ταμίας
905 1995 965 2054 τῶν
980 1988 1127 2068 Ἀναξίλα
1146 1987 1306 2071 χρημάτων

157 2093 281 2172 ὕστερον
306 2093 418 2156 τούτων
441 2093 536 2156 ἀπιὼν
560 2096 677 2175 οίχοιτο
699 2094 731 2159 ἐς
753 2083 869 2175 Τεγέαν
890 2092 1129 2172 τελευτήσαντος
1148 2090 1307 2170 Ἀναξίλα.

158 2198 194 2256 τὰ
232 2198 264 2259 δὲ
302 2193 352 2259 ἐπὶ
387 2201 450 2263 τοῖς
483 2195 673 2276 ἀναθήμασιν
708 2196 917 2278 ἐπιγράμματα
949 2197 999 2261 καὶ
1033 2196 1147 2275 πατέρα
1182 2197 1307 2278 Μικύθῳ

158 2301 270 2380 Χοῖρον
297 2296 346 2363 καὶ
372 2297 554 2374 Ἑλληνίδας
579 2297 657 2385 αύτῳ
679 2300 784 2367 πόλεις
809 2297 933 2382 Ῥήγιόν
961 2325 993 2364 τε
1020 2299 1147 2380 πατρίδα
1174 2299 1224 2363 καὶ
1252 2298 1308 2376 τὴν

158 2402 206 2464 ἐπὶ
229 2403 270 2485 τῳ
290 2403 412 2488 πορθμῷ
437 2403 605 2483 Μεσσήνην
627 2405 759 2469 δίδωσιν·
792 2406 885 2468 οίκεῖν
911 2407 943 2468 δὲ
966 2406 1004 2468 τδ
1021 2406 1077 2483 μέν
1100 2401 1308 2484 ἐπιγράμματα

160 2506 193 2567 ἐν
208 2505 307 2589 Τεγέα
332 2501 397 2594 [ού]
422 2516 519 2587 φησιν
541 2508 639 2586 αύτθν,
654 2506 692 2571 τὰ
719 2511 751 2572 δὲ
775 2506 949 2589 ἀναθήματα
973 2509 1117 2586 ἀνέθηκεν
1141 2507 1172 2573 ἐς
1194 2504 1308 2586 Ὀλυμ-

158 2610 231 2672 πίαν
261 2609 352 2693 εὐχήν
381 2636 448 2675 τινα
472 2614 604 2677 ἐκτελῶν
630 2609 680 2676 ἐπὶ
710 2613 843 2697 σωτηρίῳ
867 2611 974 2679 παιδδς
1001 2610 1189 2689 νοσήσαντος
1214 2612 1308 2675 νόσον

158 2713 299 2794 φθινάδα.

202 2871 270 2927 137.
294 2860 460 2947 Olympia,
475 2860 605 2927 Ιηυοάτ.
623 2864 706 2942 2673
729 2860 760 2925 Ι.
775 2860 812 2927 G.
830 2859 874 2925 A.
886 2874 969 2945 532:
996 2860 1142 2944 [Μίκυθος
1163 2857 1190 2923 ‘o
1214 2861 1308 2937 Χοίρο

162 2968 281 3045 Ρεγῖνος
297 2962 345 3028 καὶ
364 2965 557 3049 Μεσσήνιος,
573 2967 692 3032 έοικέον
712 2969 745 3031 ἐν
759 2965 880 3046 Τεγέει,
898 2963 904 3048 Ι
923 2964 1111 3050 [τάγάλματα
1132 2964 1203 3028 τάδε
1228 2969 1308 3028 θεοῖς

158 3066 281 3132 ἀνέθεκε
294 3068 396 3152 πᾶσι]ν
408 3070 456 3134 καὶ
469 3074 550 3136 θεαῖς
561 3069 683 3136 πάσαις·
703 3067 708 3157 Ι
729 3069 844 3154 [παιδὸς
855 3073 888 3134 δὲ
901 3071 995 3134 νόσον
1004 3067 1136 3150 φθινάδα
1149 3067 1308 3133 νοσέοντος

161 3168 218 3255 κ]αὶ
234 3171 385 3254 χρεμάτον
400 3169 492 3236 ’ύσσα
507 3171 556 3236 ίοι
571 3178 704 3238 πλεῖστα
725 3172 853 3256 ἐγέν[ετο
876 3179 1002 3238 δυνατὸν
1021 3170 1027 3258 Ι
1048 3175 1155 3252 ίετροῖς
1178 3177 1308 3235 δαπανε·

160 3272 271 3352 θέντον,
287 3277 318 3342 ἐς
333 3275 510 3361 Ὀλυμπίεν]
527 3278 629 3355 ἐλθόν,
646 3278 749 3342 ἔπειτα
766 3274 950 3363 εύξάμενΗος
965 3313 980 3327 ·
997 3313 1012 3326 ·
1029 3314 1043 3326 -
1060 3274 1220 3358 ἀνέθεκεν].

202 3377 369 3454 Lettersc
395 3375 451 3465 (ι).
471 3391 488 3454 [
505 3376 559 3465 (ι),
576 3390 609 3454 ο
625 3377 670 3466 (ο)
688 3390 785 3457 ωτι
799 3376 844 3465 (ί)
862 3384 951 3460 τοι
970 3376 1027 3465 (ιλ

202 3569 274 3623 138.
297 3556 348 3622 Of.
374 3557 541 3644 Olympia,
568 3557 699 3623 Ιιιοοίιτ.
725 3560 808 3636 2683
839 3556 870 3622 I.
888 3556 925 3622 θ.
942 3558 985 3622 Α.
1009 3571 1073 3643 533
1094 3554 1234 3643 (similar
1257 3555 1309 3618 in-

160 3659 340 3749 scription).

519 3917 694 4006 δοοράοοω
715 3923 752 3982 at
774 3917 945 4005 Olympia.

203 4082 274 4138 139.
297 4072 415 4138 Athon.
437 4073 459 4138 i.
483 4073 569 4160 3D:
599 4073 797 4155 Ἀλκιβιάδης
819 4078 851 4139 δέ
874 4073 1030 4156 Ὀλύμπια
1053 4073 1179 4154 νικήσας
1201 4075 1309 4155 ἅρματι

160 4180 275 4256 πρῶτος
302 4175 351 4242 καί
381 4178 517 4257 δεύτερος
543 4175 591 4242 καὶ
621 4178 761 4261 τέταρτος
784 4227 792 4243 .
817 4227 824 4243 .
848 4226 856 4244 .
879 4180 971 4245 θύσας
994 4177 1151 4262 Ὀλυμπίῳ
1179 4180 1230 4242 Διὶ
1253 4180 1310 4258 τήν

160 4279 326 4361 πανήγυριν
367 4286 471 4347 πᾶσαν
508 4283 653 4347 εἱστίασε.
713 4290 747 4347 τδ
784 4283 856 4348 αύτδ
898 4283 1024 4361 ἐποίησε
1064 4280 1112 4347 καί
1155 4286 1309 4360 Λεώφρων

160 4382 376 4463 Ὀλυμπίασιν,
393 4384 539 4450 ἐπινίκιον
557 4385 733 4470 γράψαντος
754 4391 807 4453 τοῦ
830 4385 919 4452 Κείου
940 4386 1105 4466 Σιμωνίδου
1120 4387 1174 4473 (cf.
1190 4387 1309 4472 Bergk,

160 4485 201 4549 Ρ.
211 4485 247 4554 L.
259 4487 307 4566 0.,
317 4486 369 4571 sr.
386 4486 430 4576 7).

726 4610 746 4656 Z
