3000 5046
228 371 289 433 114
434 356 666 414 EXTERNAL
693 355 889 415 HISTORY
912 355 969 413 OF
989 355 1174 426 ATHENS,
1243 365 1380 431 [olim

228 550 298 618 τοὺς
321 549 395 614 κατὰ
415 551 505 615 ταότδ
525 553 690 629 ἑστηκότας
710 550 759 617 καὶ
783 552 930 633 ἐφόνευόν
953 577 986 616 τε
1008 553 1105 618 αῦτόν
1129 553 1178 617 καὶ
1198 553 1382 634 ἐτίτρωσκον

228 655 373 734 πολλούς,
389 654 495 720 τελέαν
516 657 549 719 δέ
570 654 624 719 σιἰκ
646 655 788 721 ἐδύναντο
810 654 1000 738 ἐργάσασθαι
1023 655 1133 740 φυγήν
1155 656 1232 721 ὅπου
1250 653 1310 740 γάρ
1329 658 1383 734 τῆς

228 757 341 838 τάξεως
357 760 514 823 αἰσθοιντό
533 785 563 824 τι
584 760 613 823 οἰ
636 757 815 841 Ἀκαρνᾶνες
837 761 889 837 τῆς
912 761 1009 824 αῦτῦν
1030 759 1089 824 ῦτδ
1111 765 1171 824 τῶν
1192 762 1382 840 Μεσσηνίων

228 863 448 942 διασπώμενον,
464 861 538 927 κατὰ
552 867 640 928 τοῦτο
655 863 818 944 ἀμύνοντες
832 869 896 931 τοῖς
909 863 1104 945 βιαζομένοις
1123 867 1219 931 αότῦν
1241 865 1383 946 ἀνεῖργον

229 966 298 1033 τοὺς
321 968 518 1045 Μεσσηνίους
540 970 768 1050 ἐπικρατοῦντες
791 970 832 1053 τῷ
855 967 976 1048 πλήθει.
1020 966 1068 1057 (8)
1090 970 1120 1033 οἰ
1141 971 1174 1034 δέ
1196 970 1288 1034 δπότε
1310 971 1383 1035 ἀνα-

229 1076 359 1150 κοπεῖεν,
388 1071 451 1135 κατ’
481 1071 560 1136 ἀλλο
588 1071 673 1139 αῦθις
707 1072 885 1155 πειρώμενα
915 1073 1060 1156 διακόψαι
1097 1074 1153 1154 την
1188 1072 1383 1156 Ἀκαρνάνων

229 1175 377 1260 φάλαγγα
396 1182 432 1240 τδ
454 1176 527 1239 αότδ
546 1175 585 1242 ἂν
607 1176 755 1259 ἔπασχον·
777 1177 838 1262 ότιρ
859 1179 915 1258 μέν
937 1176 1178 1259 προσβάλλοιεν,
1195 1177 1328 1243 διέσειόν
1348 1203 1382 1242 τε

229 1277 278 1344 καὶ
301 1279 416 1360 τροπὴν
440 1281 490 1344 ἐπὶ
516 1278 618 1363 βραχὺ
645 1282 776 1357 ἐποίουν,
803 1283 1002 1363 ἐπιρρεόντων
1027 1283 1060 1346 δέ
1084 1281 1169 1350 οῦθις
1195 1279 1270 1345 κατὰ
1293 1285 1382 1345 τοῦτο
1409 1351 1412 1356 ,

229 1381 348 1472 σπουδῇ
358 1390 418 1448 τῶν
427 1385 619 1466 Ἀκαρνάνων
631 1383 834 1464 ἀπετρέποντο
844 1386 978 1454 δκοντες.
998 1384 1162 1468 γενομένου
1173 1390 1206 1452 δέ
1218 1385 1382 1469 ἰσορρόπου

228 1492 282 1552 τοῦ
304 1489 418 1569 ἀγιῖυος
440 1487 512 1571 άχρι
535 1486 675 1570 ἑσπέρας,
692 1486 740 1553 καί
760 1487 943 1569 Ἀκαρνᾶσιν
964 1491 1023 1554 ima
1046 1490 1102 1569 τὴν
1124 1491 1270 1555 ἐπιοῦσαν
1292 1489 1384 1554 νύκτα

229 1592 418 1672 ἐπελθούσης
427 1591 577 1672 δυνάμεως
589 1592 649 1656 ἀπὸ
664 1598 725 1657 τῶν
739 1594 868 1672 πόλεων,
878 1596 954 1657 οὕτω
969 1599 1032 1661 τοῖς
1044 1596 1234 1673 Μεσσηνίοις
1247 1619 1381 1675 περιεισ-

228 1695 312 1775 τήκει
341 1696 508 1779 πολιορκία.
554 1694 603 1784 (9)
625 1699 673 1761 καὶ
697 1699 813 1763 άλῦναι
841 1701 897 1778 μέυ
927 1696 1001 1762 κατὰ
1031 1697 1137 1781 κρότος
1166 1698 1202 1763 τδ
1231 1703 1334 1782 τεῖχος
1363 1697 1382 1775 ἢ

228 1799 426 1880 ὑπερβάντων
441 1806 500 1865 τῦυ
514 1800 707 1883 Ἀκαρνάνων
726 1798 745 1880 ἢ
766 1801 815 1866 καί
831 1804 993 1867 ἀπολιπεῖν
1005 1807 1186 1883 βιασθεῖσιν
1206 1803 1305 1870 αῦτοῖς
1327 1802 1382 1881 τὴν

230 1907 364 1985 φρουρὰν
379 1905 446 1971 δέος
461 1904 499 1984 ἦν
514 1904 611 1969 οὐδέν·
635 1909 672 1969 τῖι
688 1908 722 1971 δὲ
742 1905 895 1986 ἐπιτήδειά
916 1915 1009 1988 σφισι
1031 1904 1130 1972 πάντα
1151 1907 1261 1985 ὁμοίιος
1283 1906 1382 1990 ὀγδόῳ

229 2008 300 2087 μηνὶ
315 2005 497 2087 ἐξανήλωτο.
542 2012 574 2077 ἐς
587 2011 642 2089 μὲν
656 2009 725 2077 τοδς
744 2011 929 2091 Ἀκαρνᾶνας
951 2012 1085 2095 ἐχρῶντο
1107 2009 1168 2075 ἀπὸ
1189 2016 1242 2074 τοῦ
1263 2011 1383 2094 τείχους

230 2113 391 2197 χλευασίᾳ,
406 2113 447 2193 μὴ
462 2117 546 2194 σφᾶς
561 2117 598 2176 τὰ
614 2115 699 2179 σιτία
714 2115 877 2197 προδοῦναί
889 2140 962 2180 ποτε
977 2113 1015 2180 ἂν
1034 2116 1110 2196 μηδὲ
1131 2116 1162 2182 ἐς
1176 2113 1242 2180 έτος
1257 2115 1383 2179 δέκατον

230 2216 510 2299 πολιορκουμένους·
543 2214 615 2304 (10)
636 2219 721 2283 αιἰτοί
747 2222 780 2284 δέ
803 2219 872 2300 περὶ
893 2220 988 2284 ὕπνον
1010 2225 1131 2301 πρῶτον
1152 2215 1327 2297 ἐξελθόντες
1349 2221 1382 2282 ἐκ

231 2326 291 2384 τῶν
318 2324 480 2399 Οἰνιαδῶν,
506 2320 555 2386 καὶ
577 2322 741 2405 γενομένης
764 2328 817 2387 τοῦ
840 2328 975 2407 δρασμοῦ
997 2328 1088 2404 σφῶν
1113 2329 1176 2391 τοῖς
1201 2321 1384 2404 Ἀκαρνᾶσιν

230 2422 402 2503 αἰσθήσεως
420 2429 451 2492 ἐς
464 2425 565 2509 μάχην
587 2425 829 2508 ἀναγκασθέντες
849 2425 1025 2508 ἀφικέσθαι,
1040 2426 1109 2509 περὶ
1123 2427 1312 2506 τριακοσίους
1325 2429 1384 2506 μέν

230 2526 446 2609 ἀποβάλλουσι
469 2531 519 2594 καὶ
541 2532 685 2597 πλείονας
700 2531 745 2596 ἔτι
760 2531 844 2595 αὐτοὶ
860 2538 920 2595 τῶυ
935 2531 1079 2595 ἐναντίων
1093 2529 1334 2613 κατεργάζονται,
1348 2538 1383 2594 τὸ

230 2634 262 2696 δέ
276 2632 357 2695 πολὺ
371 2633 468 2697 αιἰτῶν
483 2636 690 2700 διεκπίπτουσι
702 2638 751 2701 διδ
762 2642 822 2700 τῶν
832 2634 1033 2716 Ἀκαρνάνων,
1046 2632 1095 2698 καί
1107 2635 1383 2715 ἐπιλαμβανόμενοι

230 2738 284 2814 τῆς
306 2739 452 2803 Αἰτωλῶν
474 2739 608 2820 ἐχόντων
631 2742 743 2822 σφίσιν
765 2741 939 2820 ἐπιτηδείως
965 2740 996 2806 ές
1023 2738 1080 2819 τὴν
1103 2738 1285 2805 Ναύπακτον
1311 2739 1381 2804 ἀνα-

230 2841 389 2919 στίζονται.

427 2961 645 3047 Ιιημοιυαιιαο
666 2964 740 3030 and
761 2963 917 3032 Poeiiion
939 2962 979 3050 of
996 2962 1177 3030 Oiniadai.

274 3108 340 3163 13L
363 3097 463 3166 Thuo.
479 3101 515 3168 ii.
535 3121 606 3168 102.
624 3122 652 3170 2.

558 3391 630 3450 'l'ho
652 3394 823 3464 Egyptian
845 3394 1064 3464 Expedition.

278 3561 350 3617 132.
379 3549 466 3616 Οἰος.
496 3550 587 3618 Pera.
621 3574 660 3639 29
687 3554 757 3620 Eoi.
788 3574 850 3641 32:
881 3557 1063 3635 Ἀφίσταται
1088 3561 1247 3642 Αἴγυπτος,
1271 3560 1384 3642 Ἰνάρου

235 3655 352 3735 Λιβύου
376 3656 481 3737 ἀνδρὸς
502 3658 551 3721 καὶ
575 3659 674 3739 ἐτέρου
698 3662 864 3740 Αἰγυπτίου
882 3662 936 3738 τὴν
958 3662 1131 3729 ἀπόστασιν
1148 3662 1383 3744 μελετήσαντος,

235 3759 284 3822 καὶ
300 3758 500 3839 εύτρεπίζεται
522 3765 559 3825 τὰ
579 3769 654 3846 πρὸς
673 3765 819 3845 πόλεμον·
842 3766 996 3846 πέμπουσι
1012 3765 1062 3832 καί
1076 3766 1241 3847 Ἀθηναῖοι,
1257 3769 1383 3846 αἰτησα-

233 3860 324 3940 μένου
354 3861 451 3940 αῦτοῦ,
480 3866 709 3947 τεσσαράκοντα
737 3871 821 3948 νῆας.
866 3870 915 3934 καὶ
941 3871 1054 3955 μελετᾷ
1077 3869 1164 3939 αῦτδς
1188 3869 1384 3952 Ἀρτοξέρξης

234 3965 462 4046 ἐκστρατεῦσαι,
478 3966 528 4032 καί
543 3970 720 4051 τῶνφίλων
737 3972 772 4036 οὐ
788 3975 1068 4054 συμβουλευόντων,
1084 3976 1195 4054 πέμπει
1209 3974 1384 4058 Ἀχαιμενί-

234 4071 290 4146 δηυ
304 4067 357 4132 τὸυ
372 4069 518 4151 ἀδελφόν,
536 4074 763 4157 τεσσαράκοντα
783 4079 840 4157 μὲν
858 4077 1002 4158 μυριάδας
1017 4080 1202 4161 ἐπαγόμενον
1216 4076 1385 4158 στράτευμα

234 4171 366 4249 πεζικόν,
384 4176 456 4252 νῆας
480 4177 513 4240 δέ
528 4173 569 4242 π’.
614 4179 791 4258 συμβάλλει
814 4182 950 4263 πόλεμον
972 4179 1090 4266 Ἰναρος
1114 4182 1188 4264 πρὸς
1210 4182 1384 4267 Ἀχαιμενί-

234 4272 362 4353 δην,καί
380 4282 504 4344 νικῶσιν
519 4282 687 4364 Αἰγύπτιοι,
702 4282 751 4348 καί
768 4283 921 4365 βάλλεται
943 4285 1156 4369 Ἀχαιμενίδης
1178 4288 1237 4351 ῦπδ
1259 4285 1384 4366 ’ἰυάρου,

235 4376 286 4443 καί
316 4376 449 4458 θνήσκει·
487 4379 535 4447 καί
564 4380 772 4466 ἀποπέμπεται
802 4390 819 4452 ό
849 4395 952 4471 νεκρὸς
981 4390 1071 4455 αῦτοῦ
1100 4393 1144 4458 εἰς
1177 4387 1383 4473 Ἀρτοξέρξην.

265 4478 375 4562 νίκησεν
389 4482 506 4568 Ἰναρος
522 4485 572 4552 καί
587 4491 662 4554 κατὰ
676 4489 847 4573 θάλασσαν,
862 4495 1057 4577 Χοριτιμίδου
1077 4494 1337 4577 εὐδοκιμήσαντος,
1352 4493 1385 4563 δς
