3000 5046
168 387 278 453 lei-28]
515 381 602 440 THE
626 381 654 438 Α
661 381 858 441 ΤΗΕΝῙΑΝ
883 380 954 440 CIT
957 381 987 440 Y.
1262 378 1316 439 181

166 572 399 652 circumdatus,
415 582 453 640 ut
468 576 574 662 ipsam
595 575 709 640 urbem
731 575 894 662 dignitate
917 576 1155 661 aequiperaret,
1172 575 1319 642 utilitate

166 686 343 764 superaret.

210 810 258 864 21.
283 795 397 888 [Χυῐι]
414 799 510 886 Reep.
529 801 605 866 Αίίι.
623 800 643 865 i.
663 821 722 869 12:
750 805 811 867 Διῖι
829 808 918 866 τοῦτο
937 802 990 866 οὖν
1009 803 1167 884 ἰσηγορίαν
1187 803 1234 865 καὶ
1255 805 1319 867 τοῖς

165 904 284 972 δούλως
306 905 380 985 πρὸς
402 905 470 973 τοὺς
500 906 673 988 ἐλευθέρως
699 904 885 986 ἐποιήσαμεν
911 907 1045 972 καὶτοῖς
1068 908 1217 986 μετοίκοις
1243 911 1318 985 πρὸς

164 1005 232 1073 τοὺς
254 1009 374 1087 ἀστούς,
391 1012 467 1074 διότι
493 1016 587 1075 δεῖται
611 1009 630 1089 ῆ
657 1011 748 1077 πόλις
770 1012 916 1088 μετοίκων
937 1008 986 1074 διό
1008 1035 1040 1075 τε
1063 1009 1097 1074 τὸ
1120 1011 1237 1086 πλῆθος
1259 1015 1318 1074 τῶν

164 1115 281 1194 τεχνῶν
296 1114 344 1176 καὶ
361 1112 411 1177 διὰ
426 1119 460 1177 τδ
475 1115 623 1179 νοντικόν.
669 1113 719 1179 διὰ
734 1120 823 1178 τοῦτο
834 1113 888 1177 ούν
900 1115 949 1178 καὶ
960 1117 1023 1180 τοῖς
1033 1114 1182 1191 μετοίκοις
1195 1113 1318 1180 είκότως

164 1214 218 1292 τὴν
233 1218 392 1297 ἰσηγορίαν
407 1217 600 1298 ἐποιήσαμεν.

206 1318 330 1398 ἡπόλις
347 1318 438 1404 (καὶ)
455 1323 602 1402 μετοίκων
617 1319 925 1406 Miiller-Striibing.

207 1450 260 1503 22.
283 1438 382 1505 Isoer.
400 1457 439 1526 15
455 1442 495 1506 de
509 1441 621 1506 Perm.
638 1458 712 1527 307.
744 1441 829 1506 Plae.
853 1441 949 1526 θοτρ.
964 1454 1029 1523 455
1040 1439 1082 1519 D,
1102 1441 1216 1524 5ιηιλ
1249 1438 1316 1505 1)ἱο

163 1541 281 1630 Chrys.
297 1566 377 1608 xxv.
397 1563 461 1630 312
475 1543 577 1609 Dind.
623 1545 717 1610 Pauo.
733 1545 756 1609 i.
777 1566 804 1609 1.
822 1563 849 1609 ς.
895 1543 989 1612 Suid.
1007 1548 1228 1625 Θεμιστοκλῆς.

277 1774 510 1863 Βινιίορσιοιιί
532 1776 571 1862 os
588 1776 768 1843 Peiraieus
789 1799 829 1842 αα
850 1774 944 1841 Fert.
991 1775 1055 1842 Τίιο
1077 1774 1190 1840 Ποιίια.

206 1925 258 1979 2³.
280 1913 380 1981 Isocr.
398 1931 415 1998 7
436 1916 558 2001 Areop.
576 1918 636 1981 66:
662 1917 720 1978 Καὶ
735 1917 791 1997 μὲν
806 1915 843 1996 δὴ
860 1912 908 1980 καὶ
924 1913 993 1979 τάδε
1007 1916 1053 1981 τίς
1073 1914 1108 1980 ού
1128 1914 1316 1996 μνημονεύει,

163 2063 170 2079 .
188 2066 195 2081 .
213 2067 220 2082 .
237 2019 291 2099 τήν
310 2023 367 2100 μὲν
387 2021 586 2102 δημοκρατίαν
607 2021 683 2083 οθτω
702 2017 904 2101 κοσμήσασαν
927 2018 982 2098 τήν
999 2020 1101 2096 πόλιν,
1117 2066 1124 2081 .
1142 2067 1149 2082 .
1167 2065 1174 2080 .
1192 2019 1260 2085 τοὺς
1282 2023 1315 2086 δὲ

161 2121 320 2203 τριάκοντα
343 2129 402 2187 τῶν
425 2127 481 2203 μὲν
502 2122 723 2204 ἀμελήσοντος,
741 2171 748 2187 .
765 2169 772 2185 .
789 2169 798 2186 .
815 2121 885 2189 τοὺς
904 2123 936 2186 δὶ
951 2123 1129 2190 νεωσοίκους
1146 2119 1195 2186 ἐπὶ
1211 2128 1314 2187 καθαι·

160 2226 243 2303 μίσει
266 2233 356 2308 τριῶν
378 2227 535 2292 ταλάντων
558 2227 769 2305 άποδομίνους,
787 2228 830 2292 είς
852 2223 902 2293 ούς
924 2224 943 2304 ἡ
967 2226 1057 2292 πόλις
1080 2223 1238 2304 άνήλωσεν
1261 2226 1313 2292 ούκ

161 2328 276 2393 ἐλάττω
289 2330 401 2414 χιλίων
416 2330 574 2395 ταλάντων
588 2355 596 2407 ;

343 2541 551 2627 Βορυίαίόοτι
572 2542 612 2629 of
629 2543 681 2610 the
701 2542 861 2608 ΙΙατὸοωι·
883 2548 920 2607 οἰ
941 2541 1131 2609 Peiraieus.

203 2692 258 2746 24.
281 2682 316 2747 J.
333 2682 377 2745 Η.
393 2682 426 2746 S.
443 2680 508 2746 vol.
525 2681 596 2746 xiii.
612 2704 646 2769 p.
665 2702 743 2768 143:
767 2681 884 2764 ’Όρμου
900 2684 1045 2760 δημοσίου
1060 2684 1139 2765 όρος.

203 2815 256 2869 25.
280 2803 314 2867 O.
328 2803 358 2868 Ι.
372 2802 414 2868 A.
434 2801 455 2866 i.
473 2818 556 2887 521:
581 2803 760 2890 Πορθμήείυν
776 2802 870 2885 ’θρήμο
883 2798 983 2884 ’άροΙς
1028 2801 1079 2867 Cf.
1094 2824 1147 2869 no·
1166 2821 1239 2888 520.

646 3007 710 3074 The
733 3009 823 3074 ττωί.

201 3158 255 3211 26.
279 3148 336 3210 Ar.
363 3146 443 3211 Ace.
470 3145 553 3228 548:
592 3151 699 3214 Σταιῖις
729 3147 945 3231 στεναχούσης,
973 3149 1081 3213 σιτίων
1108 3146 1313 3229 μετρουμένων

158 3258 243 3314 κ.τ.λ.
279 3249 388 3316 Schol.
402 3250 449 3316 ad
461 3250 516 3316 loe.
529 3276 536 3314 ε
559 3249 635 3335 (Τῆς
647 3251 812 3332 λεγομένης
824 3250 1080 3331 άλφιτοπόλιδος,
1090 3248 1129 3328 ῆν
1140 3250 1313 3335 ᾀκοδόμησε

158 3357 319 3433 Περικλῆς·
354 3356 430 3419 ὅπου
450 3356 499 3419 καὶ
532 3358 616 3421 σῖτος
643 3353 783 3419 ἀπέκειτο
805 3357 858 3433 τῆς
881 3356 1009 3422 πόλεως.
1054 3353 1092 3435 ήν
1114 3358 1146 3420 δὲ
1170 3357 1238 3437 περὶ
1259 3362 1312 3423 τὸν

156 3456 308 3540 Πειραιᾶ).

200 3589 251 3643 27.
275 3577 331 3642 Ar.
358 3576 435 3642 Paoe
464 3592 544 3660 145:
581 3577 637 3643 Ἐν
669 3581 795 3659 Πειροεῖ
825 3583 920 3655 δήπου
941 3575 1002 3641 ’στὶ
1026 3577 1185 3660 Κανθάρου
1209 3578 1310 3659 λιμήν.

156 3678 264 3745 Schol.
292 3681 337 3744 ad
361 3680 439 3746 loe:
472 3682 574 3761 Μέρος
598 3684 652 3745 τοδ
679 3686 838 3761 Πειραιῶς,
865 3681 904 3748 ὡς
934 3677 1144 3762 Καλλικράτης
1170 3683 1268 3764 φησὶν
1292 3681 1311 3762 ή

157 3787 315 3864 Μενεκλῆς
336 3787 368 3850 ἐν
393 3786 434 3869 τῷ
461 3781 529 3868 περὶ
553 3784 690 3864 Ἀθηνῶν
714 3784 840 3868 γράφων
856 3786 949 3851 οθτως
965 3784 1057 3867 “ίχει
1072 3784 1105 3847 δὲ
1121 3786 1138 3848 ὁ
1153 3785 1312 3866 Πειραιεὺς

155 3889 279 3966 λιμίνος
301 3892 389 3970 τρεῖς,
406 3887 519 3954 πάντας
543 3888 710 3954 κλειστούς.
756 3889 800 3954 είς
820 3886 877 3967 μίν
898 3890 983 3952 ίστιν
1005 3889 1021 3950 δ
1042 3886 1200 3968 Κανθάρου
1219 3889 1312 3971 λιμήν

156 3990 347 4071 καλούμενος,
363 3994 395 4056 ἓν
415 3989 438 4078 ᾧ
457 3990 495 4056 τὰ
517 3992 625 4073 νειίρια
649 3990 803 4077 ἑξήκοντα,
818 3991 883 4055 εἶτα
897 3988 1109 4072 Ἀφροδίσιον,
1123 3991 1189 4055 εἶτα
1212 3991 1311 4079 κύκλιρ

154 4099 207 4158 τοῦ
229 4094 352 4174 λιμίνος
377 4097 465 4159 στοαὶ
490 4094 607 4161 πέντε.”
647 4092 782 4161 Ἀλλως.
825 4093 941 4177 μήποτε
963 4095 1040 4158 ὅπου
1059 4094 1077 4174 ἡ
1093 4099 1153 4160 τῶν
1168 4097 1311 4162 τοιούτων

154 4197 271 4260 πλοίων
287 4197 396 4265 στάσις
414 4197 459 4277 ήν,
475 4199 567 4264 οὕτως
587 4195 735 4280 ἐκράτησε
756 4201 926 4262 καλεῖσθαι.
971 4199 1011 4282 τῷ
1026 4199 1090 4263 ὄντι
1105 4195 1163 4280 γὰρ
1179 4199 1262 4263 ίστιν
1277 4199 1311 4265 ἔν

153 4299 190 4386 τῇ
203 4297 326 4388 Ἀττικῇ
343 4301 424 4382 κιύμη
445 4300 594 4383 λεγομένη
616 4303 720 4378 οὕτως,
737 4300 884 4384 κανθάρου
897 4299 999 4383 λιμήν,
1016 4302 1083 4385 οὐχὶ
1100 4299 1254 4383 κάνθαρος,
1270 4302 1310 4370 ὥς

154 4404 326 4486 Φιλόχορος
342 4405 464 4486 ἱστορεῖ,
480 4406 539 4468 άπὸ
553 4405 649 4486 ήρωος
666 4405 829 4487 ἐπιχωρίου
841 4405 931 4470 τινός.
965 4402 1004 4468 V.

197 4534 255 4594 28.
278 4522 449 4589 Βθωοςδίι.
461 4545 503 4610 34
513 4522 588 4590 adv.
598 4523 733 4590 Ρίιουυι.
744 4541 803 4610 37:
819 4524 875 4589 Ἐν
884 4523 908 4611 ᾧ
918 4526 1001 4605 ὑμῶν
1010 4526 1040 4589 οί
1053 4527 1110 4606 μὲν
1121 4526 1154 4589 ev
1165 4526 1206 4612 τῶ
1222 4525 1310 4590 άστει
