3000 5046
140 355 245 421 u-22.]
554 345 887 404 ονοσκΑνΗνεΑι.
1230 360 1290 420 239

140 542 193 606 ἐάν
209 567 253 609 τις
267 542 361 624 μέγας
380 539 400 630 ᾖ
420 542 468 605 καὶ
487 541 647 622 δυνάμενος
670 542 715 605 ἐτι
731 540 840 619 μείζων
860 539 946 619 εἶναι,
961 541 1011 603 ίνα
1025 541 1171 625 μοναρχῇ,
1186 542 1291 621 ὥσπερ

141 647 173 711 ε’ν
188 646 387 725 Λακεδαίμονι
410 649 493 709 δοκεῖ
514 644 690 710 Παυσανίας
714 645 731 706 δ
752 641 965 727 στρατηγήσας
989 647 1064 707 κατὰ
1087 649 1139 706 τὸν
1154 648 1289 720 Μηδικὸν

140 750 285 830 πόλεμον.

183 880 234 933 16.
258 867 346 934 [bid.
369 868 391 932 i.
408 866 465 955 (1.)
480 882 511 949 5.
527 886 607 953 1301
622 867 714 948 b19:
736 867 791 932 Ἐν
806 868 1008 947 Λακεδαίμονί
1022 879 1100 942 φασι
1116 868 1292 949 Λύσανδρόν

141 999 220 1040 τινες
249 974 441 1057 ἐπιχειρήσαι
475 976 642 1037 καταλῦσαι
674 972 729 1054 τήν
758 972 923 1052 βασιλείαν
953 969 1001 1036 καὶ
1031 975 1214 1036 Παυσανίαν
1239 979 1291 1036 τὸν

140 1075 276 1158 βασιλέα
292 1077 347 1156 τήν
363 1077 516 1158 ἐφορείαν.

185 1208 232 1263 17.
256 1196 309 1262 Id.
324 1196 370 1260 iv.
385 1194 473 1283 (vii.)
488 1195 559 1261 xiii.
576 1194 660 1283 (14.)
675 1216 724 1282 13.
745 1195 861 1281 13331)
879 1214 938 1279 29:
958 1195 1027 1259 Ἔτι
1042 1197 1075 1261 δέ
1090 1197 1126 1260 ού
1141 1200 1189 1261 διὰ
1204 1202 1292 1263 τοῦτο

142 1307 187 1366 δεῖ
209 1303 264 1381 τήν
286 1302 377 1366 πόλιν
400 1301 560 1382 εὐδαίμονα
582 1301 714 1380 νομίζειν
738 1303 788 1365 καὶ
813 1307 867 1364 τόν
890 1305 1054 1380 νομοθετην
1077 1301 1221 1380 ἐπαινεῖν,
1243 1303 1290 1365 ὅτι

143 1411 260 1486 κρατεῖν
274 1403 409 1486 ἤσκησεν
424 1407 474 1469 ἐπὶ
488 1411 523 1468 τὸ
538 1411 598 1468 τῶν
612 1404 709 1472 πέλας
724 1404 830 1489 ἄρχειν
845 1450 853 1467 .
871 1451 879 1467 .
897 1453 904 1468 .
920 1408 1015 1482 δῆλον
1029 1406 1087 1487 γὰρ
1105 1404 1152 1468 ὅτι
1167 1401 1216 1468 καί
1231 1412 1291 1470 τῶν

142 1516 277 1575 πολιτῶν
298 1506 339 1595 τῷ
360 1514 512 1594 δυναμένῳ
539 1513 625 1572 τοῦτο
652 1507 809 1588 πειρατέον
835 1509 961 1586 διόκειν,
984 1509 1065 1574 ὅπως
1091 1508 1213 1586 δύνηται
1237 1513 1291 1588 τῆς

142 1615 253 1681 οἰκείας
276 1615 395 1680 πόλεως
412 1612 528 1697 ἄρχειν·
560 1614 633 1693 ὅπερ
656 1614 843 1695 ἐγκαλοῦσιν
860 1614 890 1677 οί
913 1611 1055 1679 Λάκωνες
1076 1613 1237 1698 Παυσανίη
1254 1613 1296 1698 τῷ

142 1722 279 1796 βασιλεῖ,
296 1723 400 1797 καίπερ
417 1717 519 1800 έχοντι
534 1717 716 1797 τηλικαύτην
733 1714 833 1796 τιμήν.

187 1819 238 1884 ef.
254 1820 359 1885 above
375 1831 403 1899 1,
418 1831 449 1886 6.

484 1971 548 2039 The
569 1972 720 2060 Ενρααογ
741 1971 785 2038 in
801 1973 944 2059 θμανθα.

188 2122 237 2177 18.
260 2111 361 2178 Thuc.
377 2111 400 2175 i.
421 2127 491 2193 107.
508 2130 537 2179 2.
811 2179 822 2209 5

187 2213 287 2280 Diod.
302 2216 347 2280 xi.
364 2231 413 2300 79.
429 2231 461 2299 5.
507 2216 567 2282 soe
582 2215 689 2282 above
703 2225 775 2282 111.
789 2227 847 2282 0⁰.
922 2225 923 2228 ’

188 2348 237 2402 19.
262 2335 359 2404 Diod.
379 2337 449 2401 xiii.
466 2353 527 2423 75:
558 2338 734 2416 Προσετέθη
757 2337 791 2402 δέ
811 2335 860 2402 καί
875 2336 1003 2419 συνωρὶς
1027 2339 1102 2401 κατὰ
1123 2338 1182 2418 τὴν
1200 2338 1293 2420 αὐτὴν

144 2440 313 2521 ὀλυμπιάδα
329 2442 396 2526 (93.
416 2461 428 2504 1
448 2470 479 2498 =
493 2440 557 2518 408
574 2438 655 2528 aa.)
670 2442 719 2505 καὶ
734 2439 815 2520 παρὰ
828 2441 1073 2518 Λακεδαιμονίοις
1090 2443 1295 2522 Πλειστόναξ

145 2546 162 2609 ὁ
176 2544 326 2624 βασιλεὺς
341 2544 538 2624 ἐτελεύτησεν
552 2543 644 2628 ἄρξας
661 2546 712 2625 ἐτη
727 2542 921 2624 πεντήκοντα.

188 2676 244 2730 20.
269 2665 364 2729 Paus.
380 2665 428 2729 iii.
444 2677 504 2746 5.1
520 2689 527 2729 :
550 2666 764 2749 Πλείσταρχος
777 2665 834 2745 μέν
848 2663 901 2728 οὖν
915 2665 932 2728 ὁ
947 2666 1099 2730 Λεωνίδου
1114 2663 1223 2731 νεωστὶ
1239 2667 1293 2746 τὴν

143 2771 310 2850 βασιλείαν
324 2769 518 2850 παρειληφὸς
539 2768 727 2846 ἐτελεύτησε,
743 2765 1013 2847 Πλειστοόναξδέ
1033 2768 1109 2853 έσχε
1128 2768 1183 2850 τήν
1197 2771 1294 2852 ἀρχὴν

146 2873 163 2936 ό
178 2873 354 2937 Παυσανίου
372 2877 423 2936 τοῦ
439 2875 633 2936 Πλαταιᾶσιν
647 2869 850 2954 ἡγησαμένου.

384 3084 602 3150 Μαυανηοοδο
624 3083 772 3168 ταδαδὶυρ
793 3088 829 3150 δα
846 3082 1054 3150 Ρααςανιῖαε.

189 3233 237 3288 21.
261 3221 357 3287 Paua.
373 3221 420 3285 iii.
440 3240 489 3300 14.
509 3240 547 3286 1:
572 3226 635 3286 Τοῦ
655 3218 781 3304 θεότρου
802 3225 835 3288 δέ
857 3216 1021 3300 όπαντικρὺ
1044 3226 1220 3290 Παυσανίου
1241 3230 1294 3290 τοῦ

146 3331 339 3390 Πλαταιᾶσιν
349 3324 543 3409 ἡγησαμένου
556 3324 656 3407 μνῆμό
671 3326 747 3402 ἐστι,
763 3332 797 3389 τὸ
806 3328 839 3390 δέ
851 3324 952 3408 ἕτερον
960 3329 1113 3392 Λεωνίδου
1125 3329 1173 3392 καὶ
1185 3330 1296 3412 λόγους

146 3429 222 3494 κατὰ
238 3431 303 3496 ἐτος
319 3431 449 3495 ἕκαστον
463 3430 510 3493 ἐπ’
525 3429 625 3495 αύτοῖς
639 3430 765 3511 λέγουσι
781 3429 830 3493 καὶ
843 3428 980 3493 τιθέασιν
996 3430 1109 3510 ἀγῶνα,
1126 3433 1158 3496 έν
1174 3429 1197 3516 ᾧ
1213 3432 1296 3511 πλὴν

146 3537 342 3610 Σπαρτιατῶν
357 3535 443 3618 ἄλλῳ
458 3559 494 3615 γε
510 3533 562 3597 ούκ
578 3532 662 3598 ἐστιν
678 3531 876 3614 ἀγωνίζεσθαι
893 3580 901 3596 .
915 3580 922 3595 .
937 3530 1005 3596 .**
1018 3532 1038 3578 *
1054 3538 1105 3597 τοῦ
1117 3538 1296 3600 Παυσανίου

147 3642 241 3700 κεῖται
261 3632 323 3725 [δέ]
344 3633 393 3700 καὶ
412 3634 511 3715 στήλη
531 3636 679 3716 πατρόθεν
696 3634 734 3699 τὰ
752 3636 883 3716 ὀνόματα
898 3635 1015 3718 έχουσα
1036 3637 1065 3701 οἳ
1083 3645 1157 3719 πρὸς
1173 3638 1295 3719 Μήδους

145 3738 197 3803 τὸν
216 3741 249 3803 ἐν
265 3741 476 3821 Θερμοπύλαις
492 3741 595 3824 ἀγῶνα
609 3737 779 3821 ύπέμειναν.

190 3869 243 3924 22.
267 3856 353 3927 Ibid.
372 3875 421 3942 17.
441 3877 479 3924 2:
508 3857 657 3924 Ἐνταῦθα
671 3856 799 3938 Ἀθηνᾶς
821 3860 902 3942 ἱερὸν
918 3860 1078 3939 πεποίηται
1093 3858 1140 3946 (ἐν
1154 3862 1192 3948 τῇ
1206 3863 1295 3943 ἄκρα

147 3959 258 4049 πόλει),
282 3962 455 4044 Πολιούχου
478 3962 662 4043 καλουμένης
689 3959 738 4026 καί
764 3962 950 4025 Χαλκιοίκου
977 3965 1030 4039 τῆς
1056 3965 1224 4042 αὐτῆς
1249 3963 1296 4053 (7)

146 4067 227 4145 παρὰ
242 4068 275 4130 δὲ
290 4069 343 4144 τῆς
358 4069 544 4130 Χαλκιοίκου
558 4072 612 4131 τὸν
625 4071 733 4147 βωμδν
748 4063 896 4146 έστήκασι
917 4066 969 4129 δύο
988 4065 1101 4133 εἰκόνες
1119 4070 1296 4134 Παυσανίου

146 4172 199 4232 τοῦ
210 4171 280 4250 περὶ
288 4168 450 4234 Πλάταιαν
464 4169 665 4253 ἡγησαμένου.
689 4168 727 4233 τὰ
742 4171 773 4234 δέ
788 4169 820 4236 ές
837 4169 927 4234 αύτδν
940 4169 1031 4233 όποῖα
1045 4170 1165 4253 ἐγένετο
1180 4173 1297 4238 είδόσιν

147 4272 183 4337 ού
208 4272 400 4356 διηγήσομαι·
437 4276 474 4338 τὰ
504 4271 561 4357 γὰρ
592 4279 653 4339 τοῖς
683 4273 828 4353 πρότερον
858 4272 1071 4355 συγγραφέντα
1099 4271 1146 4338 ἐπ’
1172 4276 1297 4358 ἀκριβὲς

147 4376 328 4459 ἆτοχρῶντα
350 4377 396 4458 ἦν·
431 4376 606 4458 ἐπεξελθεῖν
628 4375 663 4441 δέ
689 4383 801 4459 σφισιν
823 4374 988 4455 ἀρκέσομαι
1009 4375 1029 4440 δ
1052 4373 1169 4456 ἤκουσα
1191 4379 1297 4457 ἀνδρὸς

148 4479 318 4559 Βυζαντίου,
343 4483 518 4547 Παυσανίαν
536 4481 715 4564 φωραθῆναί
735 4502 768 4543 τε
790 4477 841 4562 ἐφ’
863 4479 908 4545 οῖς
932 4478 1113 4560 ἐβουλεύετο
1136 4479 1184 4546 καὶ
1203 4482 1298 4565 μόνον
