<?xml version="1.0" encoding="UTF-8"?>
<!DOCTYPE html PUBLIC "-//W3C//DTD XHTML 1.0 Transitional//EN"
    "http://www.w3.org/TR/xhtml1/DTD/xhtml1-transitional.dtd">
<html xmlns="http://www.w3.org/1999/xhtml" xml:lang="en" lang="en">
 <head>
  <title>
</title>
<meta http-equiv="Content-Type" content="text/html;charset=utf-8" />
  <meta name='ocr-system' content='tesseract 3.04.00' />
  <meta name='ocr-capabilities' content='ocr_page ocr_carea ocr_par ocr_line ocrx_word'/>
</head>
<body>
  <div class='ocr_page' id='page_1' title='image "./sourcesforgreek00hillgoog/sourcesforgreek00hillgoog_0357.png"; bbox 0 0 3000 5046; ppageno 0'>
   <div class='ocr_carea' id='block_1_1' title="bbox 225 365 1384 448">
    <p class='ocr_par' dir='ltr' id='par_1_1' title="bbox 225 365 1384 448">
     <span class='ocr_line' id='line_1_1' title="bbox 225 365 1384 448; baseline -0.002 -21"><span class='ocrx_word' id='word_1_1' title='bbox 225 386 287 448; x_wconf 77' lang='lat'>340</span> <span class='ocrx_word' id='word_1_2' title='bbox 543 367 630 426; x_wconf 83' lang='lat' dir='ltr'>THE</span> <span class='ocrx_word' id='word_1_3' title='bbox 658 366 867 425; x_wconf 83' lang='lat' dir='ltr'><em>WESTERN</em></span> <span class='ocrx_word' id='word_1_4' title='bbox 892 365 1068 424; x_wconf 82' lang='lat' dir='ltr'><em>GREEKS.</em></span> <span class='ocrx_word' id='word_1_5' title='bbox 1215 374 1278 438; x_wconf 74' lang='lat' dir='ltr'>[oh.</span> <span class='ocrx_word' id='word_1_6' title='bbox 1293 377 1384 425; x_wconf 77' lang='lat' dir='ltr'>vm.</span> 
     </span>
    </p>
   </div>
   <div class='ocr_carea' id='block_1_2' title="bbox 227 542 1386 1677">
    <p class='ocr_par' dir='ltr' id='par_1_2' title="bbox 227 542 1386 1677">
     <span class='ocr_line' id='line_1_2' title="bbox 227 542 1384 643; baseline -0.004 -16"><span class='ocrx_word' id='word_1_7' title='bbox 227 561 488 643; x_wconf 78' lang='grc' dir='ltr'>διεπρεσβεύσατο</span> <span class='ocrx_word' id='word_1_8' title='bbox 518 565 590 639; x_wconf 86' lang='grc' dir='ltr'>πρὸς</span> <span class='ocrx_word' id='word_1_9' title='bbox 614 559 683 625; x_wconf 87' lang='grc' dir='ltr'>τοὺς</span> <span class='ocrx_word' id='word_1_10' title='bbox 714 558 928 638; x_wconf 80' lang='grc' dir='ltr'>Συρακοσίους,</span> <span class='ocrx_word' id='word_1_11' title='bbox 955 559 1003 619; x_wconf 82' lang='grc' dir='ltr'>καὶ</span> <span class='ocrx_word' id='word_1_12' title='bbox 1033 542 1214 636; x_wconf 81' lang='grc' dir='ltr'>συνθέμενος</span> <span class='ocrx_word' id='word_1_13' title='bbox 1241 561 1279 619; x_wconf 86' lang='grc' dir='ltr'>τά</span> <span class='ocrx_word' id='word_1_14' title='bbox 1306 559 1384 636; x_wconf 84' lang='grc' dir='ltr'>πρὸς</span> 
     </span>
     <span class='ocr_line' id='line_1_3' title="bbox 228 655 1385 747; baseline -0.005 -18"><span class='ocrx_word' id='word_1_15' title='bbox 228 665 333 732; x_wconf 86' lang='grc' dir='ltr'>αὐτοὺς</span> <span class='ocrx_word' id='word_1_16' title='bbox 360 664 551 729; x_wconf 75' lang='grc' dir='ltr'>ὑπόσπονδος</span> <span class='ocrx_word' id='word_1_17' title='bbox 582 663 720 739; x_wconf 81' lang='grc' dir='ltr'>ἀπῆλθεν</span> <span class='ocrx_word' id='word_1_18' title='bbox 750 664 792 727; x_wconf 86' lang='grc' dir='ltr'>είς</span> <span class='ocrx_word' id='word_1_19' title='bbox 819 660 960 741; x_wconf 88' lang='grc' dir='ltr'>Λοκρούς.</span> <span class='ocrx_word' id='word_1_20' title='bbox 1004 655 1053 747; x_wconf 82' lang='lat'>(5)</span> <span class='ocrx_word' id='word_1_21' title='bbox 1083 662 1113 724; x_wconf 85' lang='grc' dir='ltr'>οί</span> <span class='ocrx_word' id='word_1_22' title='bbox 1139 660 1171 724; x_wconf 84' lang='grc' dir='ltr'>δέ</span> <span class='ocrx_word' id='word_1_23' title='bbox 1197 659 1385 740; x_wconf 82' lang='grc' dir='ltr'>Συρακόσιοι</span> 
     </span>
     <span class='ocr_line' id='line_1_4' title="bbox 228 764 1385 848; baseline -0.003 -16"><span class='ocrx_word' id='word_1_24' title='bbox 228 775 335 833; x_wconf 84' lang='grc' dir='ltr'>τοῦτον</span> <span class='ocrx_word' id='word_1_25' title='bbox 349 773 402 833; x_wconf 84' lang='grc' dir='ltr'>τὸν</span> <span class='ocrx_word' id='word_1_26' title='bbox 417 768 528 848; x_wconf 90' lang='grc' dir='ltr'>τρόπον</span> <span class='ocrx_word' id='word_1_27' title='bbox 543 766 799 846; x_wconf 76' lang='grc' dir='ltr'>ἐλευθερώσαντες</span> <span class='ocrx_word' id='word_1_28' title='bbox 817 765 872 838; x_wconf 73' lang='grc' dir='ltr'>τὴν</span> <span class='ocrx_word' id='word_1_29' title='bbox 888 765 1015 845; x_wconf 78' lang='grc' dir='ltr'>πατρίδα</span> <span class='ocrx_word' id='word_1_30' title='bbox 1031 768 1094 830; x_wconf 78' lang='grc' dir='ltr'>τοῖς</span> <span class='ocrx_word' id='word_1_31' title='bbox 1106 766 1163 844; x_wconf 73' lang='grc' dir='ltr'>μέν</span> <span class='ocrx_word' id='word_1_32' title='bbox 1178 764 1385 845; x_wconf 73' lang='grc' dir='ltr'>μισθοφόροις</span> 
     </span>
     <span class='ocr_line' id='line_1_5' title="bbox 231 865 1385 954; baseline -0.003 -18"><span class='ocrx_word' id='word_1_33' title='bbox 231 872 447 954; x_wconf 83' lang='grc' dir='ltr'>συνεχόρησαν</span> <span class='ocrx_word' id='word_1_34' title='bbox 462 872 608 935; x_wconf 77' lang='grc' dir='ltr'>ἀπελθεῖν</span> <span class='ocrx_word' id='word_1_35' title='bbox 623 872 656 933; x_wconf 87' lang='grc' dir='ltr'>ἐκ</span> <span class='ocrx_word' id='word_1_36' title='bbox 671 875 732 933; x_wconf 87' lang='grc' dir='ltr'>τῶν</span> <span class='ocrx_word' id='word_1_37' title='bbox 749 873 958 945; x_wconf 74' lang='grc' dir='ltr'>Συρακουσῶν,</span> <span class='ocrx_word' id='word_1_38' title='bbox 973 865 1025 934; x_wconf 82' lang='grc' dir='ltr'>τὰς</span> <span class='ocrx_word' id='word_1_39' title='bbox 1040 869 1072 931; x_wconf 78' lang='grc' dir='ltr'>δέ</span> <span class='ocrx_word' id='word_1_40' title='bbox 1091 868 1189 934; x_wconf 84' lang='grc' dir='ltr'>ἀλλος</span> <span class='ocrx_word' id='word_1_41' title='bbox 1207 868 1314 934; x_wconf 91' lang='grc' dir='ltr'>πόλεις</span> <span class='ocrx_word' id='word_1_42' title='bbox 1328 865 1385 933; x_wconf 84' lang='grc' dir='ltr'>τάς</span> 
     </span>
     <span class='ocr_line' id='line_1_6' title="bbox 230 960 1386 1058; baseline -0.006 -17"><span class='ocrx_word' id='word_1_43' title='bbox 230 973 464 1058; x_wconf 87' lang='grc' dir='ltr'>τυραννουμίυας</span> <span class='ocrx_word' id='word_1_44' title='bbox 488 970 507 1052; x_wconf 79' lang='grc' dir='ltr'>ἢ</span> <span class='ocrx_word' id='word_1_45' title='bbox 531 976 663 1053; x_wconf 80' lang='grc' dir='ltr'>φρουρὰς</span> <span class='ocrx_word' id='word_1_46' title='bbox 689 972 819 1056; x_wconf 88' lang='grc' dir='ltr'>ἐχούσας</span> <span class='ocrx_word' id='word_1_47' title='bbox 846 960 1102 1051; x_wconf 79' lang='grc' dir='ltr'>έλευθερόσαντες</span> <span class='ocrx_word' id='word_1_48' title='bbox 1128 969 1386 1049; x_wconf 74' lang='grc' dir='ltr'>ἀποκατέστησαν</span> 
     </span>
     <span class='ocr_line' id='line_1_7' title="bbox 230 1071 1385 1162; baseline -0.004 -20"><span class='ocrx_word' id='word_1_49' title='bbox 230 1085 294 1146; x_wconf 84' lang='grc' dir='ltr'>ταῖς</span> <span class='ocrx_word' id='word_1_50' title='bbox 310 1080 422 1143; x_wconf 93' lang='grc' dir='ltr'>πόλεσι</span> <span class='ocrx_word' id='word_1_51' title='bbox 437 1080 489 1143; x_wconf 85' lang='grc' dir='ltr'>τδς</span> <span class='ocrx_word' id='word_1_52' title='bbox 510 1078 716 1157; x_wconf 77' lang='grc' dir='ltr'>δημοκρατίας.</span> <span class='ocrx_word' id='word_1_53' title='bbox 762 1071 809 1162; x_wconf 86' lang='grc'>(6)</span> <span class='ocrx_word' id='word_1_54' title='bbox 832 1077 892 1139; x_wconf 86' lang='grc' dir='ltr'>ἀπὸ</span> <span class='ocrx_word' id='word_1_55' title='bbox 910 1077 943 1138; x_wconf 80' lang='grc' dir='ltr'>δέ</span> <span class='ocrx_word' id='word_1_56' title='bbox 962 1075 1075 1139; x_wconf 85' lang='grc' dir='ltr'>τούτων</span> <span class='ocrx_word' id='word_1_57' title='bbox 1090 1080 1150 1140; x_wconf 88' lang='grc' dir='ltr'>τῶν</span> <span class='ocrx_word' id='word_1_58' title='bbox 1166 1075 1285 1158; x_wconf 88' lang='grc' dir='ltr'>χρόνων</span> <span class='ocrx_word' id='word_1_59' title='bbox 1302 1072 1385 1153; x_wconf 77' lang='grc' dir='ltr'>εἰρή-</span> 
     </span>
     <span class='ocr_line' id='line_1_8' title="bbox 231 1175 1386 1266; baseline -0.005 -18"><span class='ocrx_word' id='word_1_60' title='bbox 231 1210 285 1262; x_wconf 92' lang='grc' dir='ltr'>νην</span> <span class='ocrx_word' id='word_1_61' title='bbox 300 1185 415 1266; x_wconf 82' lang='grc' dir='ltr'>ἔχουσα</span> <span class='ocrx_word' id='word_1_62' title='bbox 432 1181 551 1258; x_wconf 77' lang='grc' dir='ltr'>πολλὴν</span> <span class='ocrx_word' id='word_1_63' title='bbox 569 1182 709 1244; x_wconf 90' lang='grc' dir='ltr'>ἐπίδοσιν</span> <span class='ocrx_word' id='word_1_64' title='bbox 728 1181 825 1260; x_wconf 82' lang='grc' dir='ltr'>ἔλαβε</span> <span class='ocrx_word' id='word_1_65' title='bbox 842 1185 916 1262; x_wconf 84' lang='grc' dir='ltr'>πρὸς</span> <span class='ocrx_word' id='word_1_66' title='bbox 936 1180 1138 1259; x_wconf 89' lang='grc' dir='ltr'>εὐδαιμονίαν,</span> <span class='ocrx_word' id='word_1_67' title='bbox 1152 1175 1201 1243; x_wconf 77' lang='grc' dir='ltr'>καί</span> <span class='ocrx_word' id='word_1_68' title='bbox 1218 1176 1386 1257; x_wconf 75' lang='grc' dir='ltr'>διεφύλαξε</span> 
     </span>
     <span class='ocr_line' id='line_1_9' title="bbox 231 1281 1386 1366; baseline -0.005 -15"><span class='ocrx_word' id='word_1_69' title='bbox 231 1288 286 1366; x_wconf 80' lang='grc' dir='ltr'>τὴν</span> <span class='ocrx_word' id='word_1_70' title='bbox 304 1284 505 1366; x_wconf 76' lang='grc' dir='ltr'>δημοκρατίαν</span> <span class='ocrx_word' id='word_1_71' title='bbox 527 1285 578 1363; x_wconf 87' lang='grc' dir='ltr'>ἐτη</span> <span class='ocrx_word' id='word_1_72' title='bbox 602 1288 716 1366; x_wconf 83' lang='grc' dir='ltr'>σχεδὸν</span> <span class='ocrx_word' id='word_1_73' title='bbox 738 1281 883 1362; x_wconf 76' lang='grc' dir='ltr'>ἐξήκοντα</span> <span class='ocrx_word' id='word_1_74' title='bbox 904 1281 992 1365; x_wconf 86' lang='grc' dir='ltr'>μέχρι</span> <span class='ocrx_word' id='word_1_75' title='bbox 1015 1286 1066 1361; x_wconf 85' lang='grc' dir='ltr'>τῆς</span> <span class='ocrx_word' id='word_1_76' title='bbox 1090 1283 1254 1346; x_wconf 90' lang='grc' dir='ltr'>Διονυσίου</span> <span class='ocrx_word' id='word_1_77' title='bbox 1276 1308 1386 1362; x_wconf 89' lang='grc' dir='ltr'>τυραν-</span> 
     </span>
     <span class='ocr_line' id='line_1_10' title="bbox 231 1387 1386 1475; baseline -0.003 -20"><span class='ocrx_word' id='word_1_78' title='bbox 231 1392 318 1456; x_wconf 92' lang='grc' dir='ltr'>νίδος.</span> <span class='ocrx_word' id='word_1_79' title='bbox 363 1387 411 1475; x_wconf 89' lang='grc'>(7)</span> <span class='ocrx_word' id='word_1_80' title='bbox 435 1388 657 1469; x_wconf 89' lang='grc' dir='ltr'>Θρασύβουλος</span> <span class='ocrx_word' id='word_1_81' title='bbox 672 1389 706 1451; x_wconf 77' lang='grc' dir='ltr'>δὲ</span> <span class='ocrx_word' id='word_1_82' title='bbox 726 1393 824 1453; x_wconf 91' lang='grc' dir='ltr'>καλῶς</span> <span class='ocrx_word' id='word_1_83' title='bbox 845 1391 1084 1467; x_wconf 84' lang='grc' dir='ltr'>θεμελιωθεῖσαν</span> <span class='ocrx_word' id='word_1_84' title='bbox 1104 1387 1271 1465; x_wconf 86' lang='grc' dir='ltr'>βασιλείαν</span> <span class='ocrx_word' id='word_1_85' title='bbox 1286 1411 1386 1467; x_wconf 81' lang='grc' dir='ltr'>παρα-</span> 
     </span>
     <span class='ocr_line' id='line_1_11' title="bbox 232 1488 1386 1573; baseline -0.001 -19"><span class='ocrx_word' id='word_1_86' title='bbox 232 1493 350 1573; x_wconf 86' lang='grc' dir='ltr'>λαβόν,</span> <span class='ocrx_word' id='word_1_87' title='bbox 362 1494 413 1555; x_wconf 82' lang='grc' dir='ltr'>διδ</span> <span class='ocrx_word' id='word_1_88' title='bbox 427 1491 482 1570; x_wconf 80' lang='grc' dir='ltr'>τὴν</span> <span class='ocrx_word' id='word_1_89' title='bbox 498 1491 576 1554; x_wconf 91' lang='grc' dir='ltr'>ίδίαν</span> <span class='ocrx_word' id='word_1_90' title='bbox 591 1489 697 1555; x_wconf 86' lang='grc' dir='ltr'>κακίαν</span> <span class='ocrx_word' id='word_1_91' title='bbox 712 1492 847 1571; x_wconf 88' lang='grc' dir='ltr'>αίσχρῶς</span> <span class='ocrx_word' id='word_1_92' title='bbox 863 1489 1004 1568; x_wconf 87' lang='grc' dir='ltr'>ἀπέβαλε</span> <span class='ocrx_word' id='word_1_93' title='bbox 1019 1489 1074 1568; x_wconf 76' lang='grc' dir='ltr'>τὴν</span> <span class='ocrx_word' id='word_1_94' title='bbox 1088 1488 1195 1573; x_wconf 80' lang='grc' dir='ltr'>ἀρχήν,</span> <span class='ocrx_word' id='word_1_95' title='bbox 1212 1488 1261 1553; x_wconf 81' lang='grc' dir='ltr'>καί</span> <span class='ocrx_word' id='word_1_96' title='bbox 1276 1490 1386 1572; x_wconf 76' lang='grc' dir='ltr'>φυγῶν</span> 
     </span>
     <span class='ocr_line' id='line_1_12' title="bbox 231 1593 1275 1677; baseline -0.005 -16"><span class='ocrx_word' id='word_1_97' title='bbox 231 1599 274 1663; x_wconf 87' lang='grc' dir='ltr'>είς</span> <span class='ocrx_word' id='word_1_98' title='bbox 290 1594 423 1677; x_wconf 85' lang='grc' dir='ltr'>Λοκροὺς</span> <span class='ocrx_word' id='word_1_99' title='bbox 437 1596 566 1659; x_wconf 83' lang='grc' dir='ltr'>ἐνταῦθα</span> <span class='ocrx_word' id='word_1_100' title='bbox 580 1599 633 1658; x_wconf 88' lang='grc' dir='ltr'>τδν</span> <span class='ocrx_word' id='word_1_101' title='bbox 647 1599 758 1658; x_wconf 86' lang='grc' dir='ltr'>λοιπὸν</span> <span class='ocrx_word' id='word_1_102' title='bbox 772 1595 884 1677; x_wconf 86' lang='grc' dir='ltr'>χρόνον</span> <span class='ocrx_word' id='word_1_103' title='bbox 900 1593 1060 1658; x_wconf 90' lang='grc' dir='ltr'>ίδιωτεύων</span> <span class='ocrx_word' id='word_1_104' title='bbox 1076 1593 1275 1673; x_wconf 86' lang='grc' dir='ltr'>κατεβίωσεν.</span> 
     </span>
    </p>
   </div>
   <div class='ocr_carea' id='block_1_3' title="bbox 316 1832 1295 1920">
    <p class='ocr_par' dir='ltr' id='par_1_3' title="bbox 316 1832 1295 1920">
     <span class='ocr_line' id='line_1_13' title="bbox 316 1832 1295 1920; baseline -0.003 -20"><span class='ocrx_word' id='word_1_105' title='bbox 316 1834 514 1900; x_wconf 77' lang='grc' dir='ltr'>Οοαπααὶοπ</span> <span class='ocrx_word' id='word_1_106' title='bbox 536 1832 574 1916; x_wconf 90' lang='lat' dir='ltr'>of</span> <span class='ocrx_word' id='word_1_107' title='bbox 591 1832 714 1898; x_wconf 77' lang='grc' dir='ltr'>δοδνοὶ</span> <span class='ocrx_word' id='word_1_108' title='bbox 736 1834 818 1899; x_wconf 71' lang='lat' dir='ltr'><strong>witi</strong></span> <span class='ocrx_word' id='word_1_109' title='bbox 841 1833 892 1899; x_wconf 77' lang='lat' dir='ltr'>ihc</span> <span class='ocrx_word' id='word_1_110' title='bbox 914 1832 1116 1920; x_wconf 69' lang='grc' dir='ltr'>θρυαίαιοαπ</span> <span class='ocrx_word' id='word_1_111' title='bbox 1139 1832 1295 1919; x_wconf 78' lang='grc' dir='ltr'>Τρναπίν.</span> 
     </span>
    </p>
   </div>
   <div class='ocr_carea' id='block_1_4' title="bbox 277 1987 1355 2074">
    <p class='ocr_par' dir='ltr' id='par_1_4' title="bbox 277 1987 1355 2074">
     <span class='ocr_line' id='line_1_14' title="bbox 277 1987 1355 2074; baseline -0.002 -18"><span class='ocrx_word' id='word_1_112' title='bbox 277 1989 386 2056; x_wconf 88' lang='lat' dir='ltr'><strong>Schol.</strong></span> <span class='ocrx_word' id='word_1_113' title='bbox 402 1988 497 2054; x_wconf 86' lang='lat' dir='ltr'><strong>Pind.</strong></span> <span class='ocrx_word' id='word_1_114' title='bbox 511 1988 610 2074; x_wconf 72' lang='grc' dir='ltr'>ΡηπΙι.</span> <span class='ocrx_word' id='word_1_115' title='bbox 627 1989 662 2052; x_wconf 88' lang='lat' dir='ltr'>ii.</span> <span class='ocrx_word' id='word_1_116' title='bbox 679 2008 721 2074; x_wconf 87' lang='lat'>34</span> <span class='ocrx_word' id='word_1_117' title='bbox 736 1987 803 2052; x_wconf 87' lang='lat' dir='ltr'>and</span> <span class='ocrx_word' id='word_1_118' title='bbox 818 1988 839 2053; x_wconf 92' lang='lat' dir='ltr'><strong>i.</strong></span> <span class='ocrx_word' id='word_1_119' title='bbox 856 1989 909 2071; x_wconf 88' lang='lat'>98.</span> <span class='ocrx_word' id='word_1_120' title='bbox 955 1988 1016 2056; x_wconf 80' lang='lat' dir='ltr'>Sec</span> <span class='ocrx_word' id='word_1_121' title='bbox 1030 1991 1137 2056; x_wconf 80' lang='lat' dir='ltr'><strong>above</strong></span> <span class='ocrx_word' id='word_1_122' title='bbox 1156 2000 1200 2056; x_wconf 73' lang='lat'>54</span> <span class='ocrx_word' id='word_1_123' title='bbox 1214 1988 1281 2056; x_wconf 87' lang='lat' dir='ltr'>and</span> <span class='ocrx_word' id='word_1_124' title='bbox 1297 2001 1355 2056; x_wconf 77' lang='lat'>56.</span> 
     </span>
    </p>
   </div>
   <div class='ocr_carea' id='block_1_5' title="bbox 234 2105 1388 2384">
    <p class='ocr_par' dir='ltr' id='par_1_5' title="bbox 234 2105 1388 2384">
     <span class='ocr_line' id='line_1_15' title="bbox 277 2105 1388 2196; baseline -0.001 -20"><span class='ocrx_word' id='word_1_125' title='bbox 277 2123 348 2176; x_wconf 80' lang='lat'>145.</span> <span class='ocrx_word' id='word_1_126' title='bbox 372 2110 535 2176; x_wconf 83' lang='lat' dir='ltr'>Eusebius</span> <span class='ocrx_word' id='word_1_127' title='bbox 551 2105 663 2194; x_wconf 68' lang='grc' dir='ltr'>(δραι.</span> <span class='ocrx_word' id='word_1_128' title='bbox 679 2111 754 2195; x_wconf 81' lang='lat'><strong>483.</strong></span> <span class='ocrx_word' id='word_1_129' title='bbox 771 2112 840 2196; x_wconf 88' lang='lat'>15):</span> <span class='ocrx_word' id='word_1_130' title='bbox 865 2113 1005 2177; x_wconf 85' lang='grc' dir='ltr'>Σικελίας</span> <span class='ocrx_word' id='word_1_131' title='bbox 1020 2114 1213 2195; x_wconf 84' lang='grc' dir='ltr'>δημοκρατία.</span> <span class='ocrx_word' id='word_1_132' title='bbox 1246 2111 1388 2176; x_wconf 85' lang='lat' dir='ltr'><strong>Hieron.</strong></span> 
     </span>
     <span class='ocr_line' id='line_1_16' title="bbox 234 2212 1388 2301; baseline -0.001 -20"><span class='ocrx_word' id='word_1_133' title='bbox 234 2216 285 2282; x_wconf 83' lang='lat' dir='ltr'>Ol.</span> <span class='ocrx_word' id='word_1_134' title='bbox 302 2229 353 2299; x_wconf 88' lang='lat'>79.</span> <span class='ocrx_word' id='word_1_135' title='bbox 369 2235 408 2301; x_wconf 84' lang='lat'>3:</span> <span class='ocrx_word' id='word_1_136' title='bbox 433 2212 550 2280; x_wconf 76' lang='lat' dir='ltr'><strong>Sicilia</strong></span> <span class='ocrx_word' id='word_1_137' title='bbox 571 2234 592 2277; x_wconf 89' lang='lat' dir='ltr'><strong>a</strong></span> <span class='ocrx_word' id='word_1_138' title='bbox 612 2213 736 2299; x_wconf 90' lang='lat' dir='ltr'>populo</span> <span class='ocrx_word' id='word_1_139' title='bbox 758 2214 945 2299; x_wconf 73' lang='lat' dir='ltr'><strong>regebatur.</strong></span> <span class='ocrx_word' id='word_1_140' title='bbox 991 2215 1080 2281; x_wconf 80' lang='lat' dir='ltr'><strong>Vera.</strong></span> <span class='ocrx_word' id='word_1_141' title='bbox 1099 2216 1192 2282; x_wconf 88' lang='lat' dir='ltr'>Arm.</span> <span class='ocrx_word' id='word_1_142' title='bbox 1209 2214 1259 2281; x_wconf 83' lang='lat' dir='ltr'>Ol.</span> <span class='ocrx_word' id='word_1_143' title='bbox 1275 2230 1327 2299; x_wconf 86' lang='lat'>79.</span> <span class='ocrx_word' id='word_1_144' title='bbox 1345 2234 1388 2281; x_wconf 76' lang='lat' dir='ltr'>a:</span> 
     </span>
     <span class='ocr_line' id='line_1_17' title="bbox 234 2317 868 2384; baseline 0 -1"><span class='ocrx_word' id='word_1_145' title='bbox 234 2320 275 2383; x_wconf 88' lang='lat' dir='ltr'>In</span> <span class='ocrx_word' id='word_1_146' title='bbox 290 2317 407 2383; x_wconf 80' lang='lat' dir='ltr'><strong>Sicilia</strong></span> <span class='ocrx_word' id='word_1_147' title='bbox 421 2317 659 2384; x_wconf 75' lang='lat' dir='ltr'><strong>democratiam</strong></span> <span class='ocrx_word' id='word_1_148' title='bbox 672 2317 868 2383; x_wconf 77' lang='lat' dir='ltr'><strong>habuerunt.</strong></span> 
     </span>
    </p>
   </div>
   <div class='ocr_carea' id='block_1_6' title="bbox 370 2573 1256 2648">
    <p class='ocr_par' dir='ltr' id='par_1_6' title="bbox 370 2573 1256 2648">
     <span class='ocr_line' id='line_1_18' title="bbox 370 2573 1256 2648; baseline 0.002 -16"><span class='ocrx_word' id='word_1_149' title='bbox 370 2574 539 2643; x_wconf 77' lang='lat' dir='ltr'><strong>syrakuaa</strong></span> <span class='ocrx_word' id='word_1_150' title='bbox 561 2573 729 2631; x_wconf 69' lang='lat' dir='ltr'><strong>astartae</strong></span> <span class='ocrx_word' id='word_1_151' title='bbox 752 2575 934 2644; x_wconf 80' lang='lat' dir='ltr'><strong>expulsion</strong></span> <span class='ocrx_word' id='word_1_152' title='bbox 956 2577 995 2633; x_wconf 80' lang='lat' dir='ltr'>or</span> <span class='ocrx_word' id='word_1_153' title='bbox 1012 2578 1256 2648; x_wconf 62' lang='lat' dir='ltr'>¹Phi-aschalon.</span> 
     </span>
    </p>
   </div>
   <div class='ocr_carea' id='block_1_7' title="bbox 235 2717 1396 4567">
    <p class='ocr_par' dir='ltr' id='par_1_7' title="bbox 235 2717 1396 4567">
     <span class='ocr_line' id='line_1_19' title="bbox 279 2717 1391 2816; baseline 0.005 -30"><span class='ocrx_word' id='word_1_154' title='bbox 279 2732 352 2786; x_wconf 78' lang='lat'>146.</span> <span class='ocrx_word' id='word_1_155' title='bbox 374 2718 470 2786; x_wconf 79' lang='lat' dir='ltr'><strong>Diod.</strong></span> <span class='ocrx_word' id='word_1_156' title='bbox 487 2718 533 2783; x_wconf 84' lang='lat' dir='ltr'><strong>xi.</strong></span> <span class='ocrx_word' id='word_1_157' title='bbox 550 2738 612 2802; x_wconf 85' lang='lat'>72:</span> <span class='ocrx_word' id='word_1_158' title='bbox 637 2717 657 2806; x_wconf 87' lang='lat'>(&#39;</span> <span class='ocrx_word' id='word_1_159' title='bbox 660 2721 718 2785; x_wconf 84' lang='grc' dir='ltr'>Επ’</span> <span class='ocrx_word' id='word_1_160' title='bbox 728 2722 876 2804; x_wconf 86' lang='grc' dir='ltr'>ἄρχοντος</span> <span class='ocrx_word' id='word_1_161' title='bbox 884 2723 1032 2803; x_wconf 82' lang='grc' dir='ltr'>Ἀθήνησι</span> <span class='ocrx_word' id='word_1_162' title='bbox 1040 2727 1257 2816; x_wconf 86' lang='grc' dir='ltr'>Τληπολέμου)</span> <span class='ocrx_word' id='word_1_163' title='bbox 1267 2727 1344 2792; x_wconf 87' lang='grc' dir='ltr'>κατά</span> <span class='ocrx_word' id='word_1_164' title='bbox 1356 2731 1391 2792; x_wconf 80' lang='grc' dir='ltr'>δέ</span> 
     </span>
     <span class='ocr_line' id='line_1_20' title="bbox 235 2825 1392 2913; baseline 0.008 -24"><span class='ocrx_word' id='word_1_165' title='bbox 235 2828 291 2905; x_wconf 83' lang='grc' dir='ltr'>τὴν</span> <span class='ocrx_word' id='word_1_166' title='bbox 304 2826 446 2890; x_wconf 91' lang='grc' dir='ltr'>Σικελίαν</span> <span class='ocrx_word' id='word_1_167' title='bbox 455 2825 521 2904; x_wconf 88' lang='grc' dir='ltr'>ἀρτι</span> <span class='ocrx_word' id='word_1_168' title='bbox 534 2826 777 2904; x_wconf 90' lang='grc' dir='ltr'>καταλελυμίνης</span> <span class='ocrx_word' id='word_1_169' title='bbox 798 2829 849 2903; x_wconf 84' lang='grc' dir='ltr'>τῆς</span> <span class='ocrx_word' id='word_1_170' title='bbox 865 2829 978 2895; x_wconf 86' lang='grc' dir='ltr'>ἐντοῖς</span> <span class='ocrx_word' id='word_1_171' title='bbox 994 2831 1197 2908; x_wconf 79' lang='grc' dir='ltr'>Συρακούσαις</span> <span class='ocrx_word' id='word_1_172' title='bbox 1213 2833 1392 2913; x_wconf 86' lang='grc' dir='ltr'>τυραννίδος</span> 
     </span>
     <span class='ocr_line' id='line_1_21' title="bbox 238 2928 1392 3016; baseline 0.005 -22"><span class='ocrx_word' id='word_1_173' title='bbox 238 2930 465 2994; x_wconf 78' lang='grc' dir='ltr'>καὶπασῶντῶν</span> <span class='ocrx_word' id='word_1_174' title='bbox 474 2934 549 2993; x_wconf 79' lang='grc' dir='ltr'>κατὰ</span> <span class='ocrx_word' id='word_1_175' title='bbox 559 2928 614 3007; x_wconf 75' lang='grc' dir='ltr'>τὴν</span> <span class='ocrx_word' id='word_1_176' title='bbox 623 2931 717 3007; x_wconf 81' lang='grc' dir='ltr'>νῆσον</span> <span class='ocrx_word' id='word_1_177' title='bbox 726 2930 847 2993; x_wconf 91' lang='grc' dir='ltr'>πόλεων</span> <span class='ocrx_word' id='word_1_178' title='bbox 856 2929 1240 3016; x_wconf 81' lang='grc' dir='ltr'>ἠλευθερωμένωυ,πολλὴν</span> <span class='ocrx_word' id='word_1_179' title='bbox 1250 2938 1392 3000; x_wconf 86' lang='grc' dir='ltr'>ἐπίδοσιν</span> 
     </span>
     <span class='ocr_line' id='line_1_22' title="bbox 237 3033 1391 3123; baseline 0.006 -24"><span class='ocrx_word' id='word_1_180' title='bbox 237 3034 410 3114; x_wconf 71' lang='grc' dir='ltr'>ἐλάμβανεν</span> <span class='ocrx_word' id='word_1_181' title='bbox 421 3033 438 3111; x_wconf 79' lang='grc' dir='ltr'>ἡ</span> <span class='ocrx_word' id='word_1_182' title='bbox 450 3033 595 3114; x_wconf 88' lang='grc' dir='ltr'>σύμπασα</span> <span class='ocrx_word' id='word_1_183' title='bbox 606 3035 730 3097; x_wconf 85' lang='grc' dir='ltr'>Σικελία</span> <span class='ocrx_word' id='word_1_184' title='bbox 741 3040 814 3114; x_wconf 84' lang='grc' dir='ltr'>πρὸς</span> <span class='ocrx_word' id='word_1_185' title='bbox 825 3035 1026 3118; x_wconf 88' lang='grc' dir='ltr'>εὐδαιμονίαν.</span> <span class='ocrx_word' id='word_1_186' title='bbox 1064 3038 1186 3121; x_wconf 77' lang='grc' dir='ltr'>εἰρήνην</span> <span class='ocrx_word' id='word_1_187' title='bbox 1197 3040 1254 3123; x_wconf 81' lang='grc' dir='ltr'>γὰρ</span> <span class='ocrx_word' id='word_1_188' title='bbox 1266 3041 1391 3122; x_wconf 76' lang='grc' dir='ltr'>ἔχοντες</span> 
     </span>
     <span class='ocr_line' id='line_1_23' title="bbox 238 3135 1388 3224; baseline 0.006 -23"><span class='ocrx_word' id='word_1_189' title='bbox 238 3142 267 3203; x_wconf 79' lang='lat' dir='ltr'><strong>oi</strong></span> <span class='ocrx_word' id='word_1_190' title='bbox 283 3143 463 3202; x_wconf 81' lang='grc' dir='ltr'>Σικελιῶται</span> <span class='ocrx_word' id='word_1_191' title='bbox 476 3135 524 3200; x_wconf 82' lang='grc' dir='ltr'>καὶ</span> <span class='ocrx_word' id='word_1_192' title='bbox 535 3137 637 3220; x_wconf 86' lang='grc' dir='ltr'>χόραν</span> <span class='ocrx_word' id='word_1_193' title='bbox 649 3137 765 3219; x_wconf 79' lang='grc' dir='ltr'>ἀγαθὴν</span> <span class='ocrx_word' id='word_1_194' title='bbox 776 3139 942 3220; x_wconf 89' lang='grc' dir='ltr'>νεμόμενοι,</span> <span class='ocrx_word' id='word_1_195' title='bbox 955 3144 1004 3205; x_wconf 88' lang='grc' dir='ltr'>διά</span> <span class='ocrx_word' id='word_1_196' title='bbox 1015 3141 1050 3206; x_wconf 85' lang='grc' dir='ltr'>τὸ</span> <span class='ocrx_word' id='word_1_197' title='bbox 1062 3147 1178 3223; x_wconf 78' lang='grc' dir='ltr'>πλῆθος</span> <span class='ocrx_word' id='word_1_198' title='bbox 1190 3151 1250 3208; x_wconf 90' lang='grc' dir='ltr'>τῶν</span> <span class='ocrx_word' id='word_1_199' title='bbox 1265 3150 1388 3224; x_wconf 80' lang='grc' dir='ltr'>καρπῶν</span> 
     </span>
     <span class='ocr_line' id='line_1_24' title="bbox 238 3239 1391 3327; baseline 0.006 -22"><span class='ocrx_word' id='word_1_200' title='bbox 238 3242 314 3327; x_wconf 83' lang='grc' dir='ltr'>ταχὺ</span> <span class='ocrx_word' id='word_1_201' title='bbox 330 3248 394 3307; x_wconf 85' lang='grc' dir='ltr'>ταῖς</span> <span class='ocrx_word' id='word_1_202' title='bbox 413 3241 528 3307; x_wconf 80' lang='grc' dir='ltr'>οὐσίαις</span> <span class='ocrx_word' id='word_1_203' title='bbox 549 3239 711 3324; x_wconf 75' lang='grc' dir='ltr'>ἀνέτρεχον</span> <span class='ocrx_word' id='word_1_204' title='bbox 730 3241 779 3305; x_wconf 81' lang='grc' dir='ltr'>καί</span> <span class='ocrx_word' id='word_1_205' title='bbox 800 3243 856 3322; x_wconf 76' lang='grc' dir='ltr'>τὴν</span> <span class='ocrx_word' id='word_1_206' title='bbox 877 3244 979 3326; x_wconf 83' lang='grc' dir='ltr'>χῶραν</span> <span class='ocrx_word' id='word_1_207' title='bbox 1001 3246 1183 3326; x_wconf 70' lang='grc' dir='ltr'>ἐπλήρωσαν</span> <span class='ocrx_word' id='word_1_208' title='bbox 1198 3251 1323 3314; x_wconf 85' lang='grc' dir='ltr'>οίκετῶυ</span> <span class='ocrx_word' id='word_1_209' title='bbox 1340 3250 1391 3312; x_wconf 85' lang='grc' dir='ltr'>καὶ</span> 
     </span>
     <span class='ocr_line' id='line_1_25' title="bbox 239 3343 1392 3435; baseline 0.003 -24"><span class='ocrx_word' id='word_1_210' title='bbox 239 3352 352 3427; x_wconf 84' lang='grc' dir='ltr'>κτηνῶν</span> <span class='ocrx_word' id='word_1_211' title='bbox 375 3343 424 3409; x_wconf 82' lang='grc' dir='ltr'>καί</span> <span class='ocrx_word' id='word_1_212' title='bbox 447 3348 499 3423; x_wconf 77' lang='grc' dir='ltr'>τῆς</span> <span class='ocrx_word' id='word_1_213' title='bbox 514 3344 612 3422; x_wconf 89' lang='grc' dir='ltr'>ἀλλης</span> <span class='ocrx_word' id='word_1_214' title='bbox 627 3344 823 3425; x_wconf 85' lang='grc' dir='ltr'>εὐδαιμονίας,</span> <span class='ocrx_word' id='word_1_215' title='bbox 838 3348 972 3429; x_wconf 79' lang='grc' dir='ltr'>μεγάλας</span> <span class='ocrx_word' id='word_1_216' title='bbox 991 3352 1046 3429; x_wconf 74' lang='grc' dir='ltr'>μὲν</span> <span class='ocrx_word' id='word_1_217' title='bbox 1064 3349 1274 3431; x_wconf 85' lang='grc' dir='ltr'>λαμβάνοντες</span> <span class='ocrx_word' id='word_1_218' title='bbox 1294 3379 1392 3435; x_wconf 91' lang='grc' dir='ltr'>προσ-</span> 
     </span>
     <span class='ocr_line' id='line_1_26' title="bbox 237 3448 1392 3542; baseline 0.006 -29"><span class='ocrx_word' id='word_1_219' title='bbox 237 3451 332 3527; x_wconf 89' lang='grc' dir='ltr'>όδους,</span> <span class='ocrx_word' id='word_1_220' title='bbox 348 3450 434 3514; x_wconf 74' lang='grc' dir='ltr'>οὐδέν</span> <span class='ocrx_word' id='word_1_221' title='bbox 451 3451 483 3512; x_wconf 80' lang='grc' dir='ltr'>δέ</span> <span class='ocrx_word' id='word_1_222' title='bbox 505 3450 548 3514; x_wconf 80' lang='grc' dir='ltr'>εἰς</span> <span class='ocrx_word' id='word_1_223' title='bbox 568 3448 636 3514; x_wconf 83' lang='grc' dir='ltr'>τοὺς</span> <span class='ocrx_word' id='word_1_224' title='bbox 653 3450 795 3515; x_wconf 88' lang='grc' dir='ltr'>είωθότας</span> <span class='ocrx_word' id='word_1_225' title='bbox 811 3451 960 3531; x_wconf 83' lang='grc' dir='ltr'>πολέμους</span> <span class='ocrx_word' id='word_1_226' title='bbox 975 3454 1200 3520; x_wconf 86' lang='grc' dir='ltr'>ἀναλίσκοντες.</span> <span class='ocrx_word' id='word_1_227' title='bbox 1244 3453 1292 3542; x_wconf 84' lang='lat'>(2)</span> <span class='ocrx_word' id='word_1_228' title='bbox 1313 3460 1392 3538; x_wconf 78' lang='grc' dir='ltr'>μετὰ</span> 
     </span>
     <span class='ocr_line' id='line_1_27' title="bbox 239 3551 1393 3630; baseline 0.004 -9"><span class='ocrx_word' id='word_1_229' title='bbox 239 3560 269 3621; x_wconf 88' lang='grc' dir='ltr'>δέ</span> <span class='ocrx_word' id='word_1_230' title='bbox 285 3561 377 3619; x_wconf 86' lang='grc' dir='ltr'>ταῦτα</span> <span class='ocrx_word' id='word_1_231' title='bbox 393 3552 487 3617; x_wconf 86' lang='grc' dir='ltr'>πόλιν</span> <span class='ocrx_word' id='word_1_232' title='bbox 502 3554 545 3617; x_wconf 88' lang='grc' dir='ltr'>είς</span> <span class='ocrx_word' id='word_1_233' title='bbox 560 3551 711 3630; x_wconf 74' lang='grc' dir='ltr'>πολέμους</span> <span class='ocrx_word' id='word_1_234' title='bbox 726 3551 775 3617; x_wconf 83' lang='grc' dir='ltr'>καί</span> <span class='ocrx_word' id='word_1_235' title='bbox 791 3554 916 3620; x_wconf 87' lang='grc' dir='ltr'>στάσεις</span> <span class='ocrx_word' id='word_1_236' title='bbox 933 3556 1077 3621; x_wconf 89' lang='grc' dir='ltr'>ἐνέπεσον</span> <span class='ocrx_word' id='word_1_237' title='bbox 1092 3558 1142 3622; x_wconf 84' lang='grc' dir='ltr'>διὰ</span> <span class='ocrx_word' id='word_1_238' title='bbox 1156 3559 1294 3627; x_wconf 88' lang='grc' dir='ltr'>τοιαύτας</span> <span class='ocrx_word' id='word_1_239' title='bbox 1309 3565 1393 3626; x_wconf 87' lang='grc' dir='ltr'>τινάς</span> 
     </span>
     <span class='ocr_line' id='line_1_28' title="bbox 239 3655 1392 3745; baseline 0.005 -23"><span class='ocrx_word' id='word_1_240' title='bbox 239 3660 347 3725; x_wconf 85' lang='grc' dir='ltr'>αίτίος.</span> <span class='ocrx_word' id='word_1_241' title='bbox 374 3655 597 3721; x_wconf 85' lang='grc' dir='ltr'>καταλύσαντες</span> <span class='ocrx_word' id='word_1_242' title='bbox 612 3655 667 3733; x_wconf 82' lang='grc' dir='ltr'>τὴν</span> <span class='ocrx_word' id='word_1_243' title='bbox 682 3658 908 3737; x_wconf 87' lang='grc' dir='ltr'>Θρασυβούλου</span> <span class='ocrx_word' id='word_1_244' title='bbox 923 3662 1079 3739; x_wconf 87' lang='grc' dir='ltr'>τυραννίδα</span> <span class='ocrx_word' id='word_1_245' title='bbox 1095 3660 1267 3745; x_wconf 80' lang='grc' dir='ltr'>συνήγαγον</span> <span class='ocrx_word' id='word_1_246' title='bbox 1283 3667 1392 3742; x_wconf 84' lang='grc' dir='ltr'>ἐκκλη-</span> 
     </span>
     <span class='ocr_line' id='line_1_29' title="bbox 240 3757 1395 3852; baseline 0.006 -26"><span class='ocrx_word' id='word_1_247' title='bbox 240 3764 318 3838; x_wconf 91' lang='grc' dir='ltr'>σίαν,</span> <span class='ocrx_word' id='word_1_248' title='bbox 338 3757 387 3825; x_wconf 84' lang='grc' dir='ltr'>καὶ</span> <span class='ocrx_word' id='word_1_249' title='bbox 402 3757 470 3838; x_wconf 84' lang='grc' dir='ltr'>περὶ</span> <span class='ocrx_word' id='word_1_250' title='bbox 485 3763 537 3837; x_wconf 80' lang='grc' dir='ltr'>τῆς</span> <span class='ocrx_word' id='word_1_251' title='bbox 559 3760 636 3825; x_wconf 91' lang='grc' dir='ltr'>ίδίας</span> <span class='ocrx_word' id='word_1_252' title='bbox 653 3761 850 3840; x_wconf 88' lang='grc' dir='ltr'>δημοκρατίας</span> <span class='ocrx_word' id='word_1_253' title='bbox 868 3762 1110 3844; x_wconf 87' lang='grc' dir='ltr'>βουλευσόμενοι</span> <span class='ocrx_word' id='word_1_254' title='bbox 1125 3765 1236 3833; x_wconf 77' lang='grc' dir='ltr'>πάντες</span> <span class='ocrx_word' id='word_1_255' title='bbox 1259 3768 1395 3852; x_wconf 81' lang='grc' dir='ltr'>ὁμογνω-</span> 
     </span>
     <span class='ocr_line' id='line_1_30' title="bbox 239 3863 1395 3954; baseline 0.005 -23"><span class='ocrx_word' id='word_1_256' title='bbox 239 3867 337 3946; x_wconf 83' lang='grc' dir='ltr'>μόνως</span> <span class='ocrx_word' id='word_1_257' title='bbox 372 3863 567 3947; x_wconf 76' lang='grc' dir='ltr'>ἐψηφίσαντο</span> <span class='ocrx_word' id='word_1_258' title='bbox 598 3869 672 3930; x_wconf 86' lang='grc' dir='ltr'>Διδς</span> <span class='ocrx_word' id='word_1_259' title='bbox 707 3866 763 3944; x_wconf 77' lang='grc' dir='ltr'>μὲν</span> <span class='ocrx_word' id='word_1_260' title='bbox 793 3864 985 3949; x_wconf 89' lang='grc' dir='ltr'>Ἐλευθερίου</span> <span class='ocrx_word' id='word_1_261' title='bbox 1015 3876 1203 3934; x_wconf 85' lang='grc' dir='ltr'>κολοττιαῖον</span> <span class='ocrx_word' id='word_1_262' title='bbox 1232 3871 1395 3954; x_wconf 79' lang='grc' dir='ltr'>ἀνδριάντα</span> 
     </span>
     <span class='ocr_line' id='line_1_31' title="bbox 241 3965 1395 4057; baseline 0.01 -25"><span class='ocrx_word' id='word_1_263' title='bbox 241 3966 473 4042; x_wconf 81' lang='grc' dir='ltr'>κατασκευάσαι,</span> <span class='ocrx_word' id='word_1_264' title='bbox 491 3965 553 4029; x_wconf 88' lang='grc' dir='ltr'>κατ’</span> <span class='ocrx_word' id='word_1_265' title='bbox 570 3966 707 4033; x_wconf 84' lang='grc' dir='ltr'>ἐνιαυτὸν</span> <span class='ocrx_word' id='word_1_266' title='bbox 722 3972 753 4032; x_wconf 78' lang='grc' dir='ltr'>δέ</span> <span class='ocrx_word' id='word_1_267' title='bbox 770 3969 853 4033; x_wconf 90' lang='grc' dir='ltr'>θύειν</span> <span class='ocrx_word' id='word_1_268' title='bbox 868 3971 1022 4049; x_wconf 83' lang='grc' dir='ltr'>ἐλευθέρια</span> <span class='ocrx_word' id='word_1_269' title='bbox 1038 3971 1086 4037; x_wconf 80' lang='grc' dir='ltr'>καί</span> <span class='ocrx_word' id='word_1_270' title='bbox 1101 3975 1218 4056; x_wconf 83' lang='grc' dir='ltr'>ἀγῶνας</span> <span class='ocrx_word' id='word_1_271' title='bbox 1235 3979 1395 4057; x_wconf 85' lang='grc' dir='ltr'>ἐπιφανεῖς</span> 
     </span>
     <span class='ocr_line' id='line_1_32' title="bbox 241 4070 1394 4159; baseline 0.009 -24"><span class='ocrx_word' id='word_1_272' title='bbox 241 4077 341 4136; x_wconf 87' lang='grc' dir='ltr'>ποιεῖν</span> <span class='ocrx_word' id='word_1_273' title='bbox 368 4073 443 4133; x_wconf 86' lang='grc' dir='ltr'>κατά</span> <span class='ocrx_word' id='word_1_274' title='bbox 468 4070 523 4147; x_wconf 79' lang='grc' dir='ltr'>τὴν</span> <span class='ocrx_word' id='word_1_275' title='bbox 547 4070 639 4150; x_wconf 75' lang='grc' dir='ltr'>αὐτὴν</span> <span class='ocrx_word' id='word_1_276' title='bbox 667 4071 790 4152; x_wconf 81' lang='grc' dir='ltr'>ἡμέραν,</span> <span class='ocrx_word' id='word_1_277' title='bbox 814 4075 846 4136; x_wconf 91' lang='grc' dir='ltr'>ἐν</span> <span class='ocrx_word' id='word_1_278' title='bbox 873 4071 892 4159; x_wconf 73' lang='grc' dir='ltr'><strong><em>ᾖ</em></strong></span> <span class='ocrx_word' id='word_1_279' title='bbox 919 4075 972 4140; x_wconf 86' lang='grc' dir='ltr'>τὸν</span> <span class='ocrx_word' id='word_1_280' title='bbox 1001 4076 1145 4159; x_wconf 90' lang='grc' dir='ltr'>τύραννον</span> <span class='ocrx_word' id='word_1_281' title='bbox 1170 4081 1394 4148; x_wconf 90' lang='grc' dir='ltr'>καταλύσαντες</span> 
     </span>
     <span class='ocr_line' id='line_1_33' title="bbox 241 4172 1396 4266; baseline 0.012 -28"><span class='ocrx_word' id='word_1_282' title='bbox 241 4172 454 4256; x_wconf 77' lang='grc' dir='ltr'>ἠλευθέρωσαν</span> <span class='ocrx_word' id='word_1_283' title='bbox 469 4173 524 4251; x_wconf 79' lang='grc' dir='ltr'>τὴν</span> <span class='ocrx_word' id='word_1_284' title='bbox 538 4175 673 4254; x_wconf 88' lang='grc' dir='ltr'>πατρίδα·</span> <span class='ocrx_word' id='word_1_285' title='bbox 707 4175 789 4239; x_wconf 88' lang='grc' dir='ltr'>θύειν</span> <span class='ocrx_word' id='word_1_286' title='bbox 806 4176 832 4239; x_wconf 86' lang='grc' dir='ltr'>δ’</span> <span class='ocrx_word' id='word_1_287' title='bbox 848 4178 880 4241; x_wconf 92' lang='grc' dir='ltr'>ἐν</span> <span class='ocrx_word' id='word_1_288' title='bbox 900 4184 962 4244; x_wconf 85' lang='grc' dir='ltr'>τοῖς</span> <span class='ocrx_word' id='word_1_289' title='bbox 985 4180 1083 4261; x_wconf 81' lang='grc' dir='ltr'>ἀγῶσι</span> <span class='ocrx_word' id='word_1_290' title='bbox 1098 4187 1160 4248; x_wconf 82' lang='grc' dir='ltr'>τοῖς</span> <span class='ocrx_word' id='word_1_291' title='bbox 1176 4187 1255 4251; x_wconf 83' lang='grc' dir='ltr'>θεοῖς</span> <span class='ocrx_word' id='word_1_292' title='bbox 1271 4184 1396 4266; x_wconf 91' lang='grc' dir='ltr'>ταύρους</span> 
     </span>
     <span class='ocr_line' id='line_1_34' title="bbox 242 4276 1394 4364; baseline 0.01 -23"><span class='ocrx_word' id='word_1_293' title='bbox 242 4277 450 4359; x_wconf 89' lang='grc' dir='ltr'>τετρακοσίους</span> <span class='ocrx_word' id='word_1_294' title='bbox 465 4279 515 4340; x_wconf 81' lang='grc' dir='ltr'>καὶ</span> <span class='ocrx_word' id='word_1_295' title='bbox 531 4276 725 4356; x_wconf 81' lang='grc' dir='ltr'>πεντήκοντα,</span> <span class='ocrx_word' id='word_1_296' title='bbox 739 4280 788 4343; x_wconf 87' lang='grc' dir='ltr'>καὶ</span> <span class='ocrx_word' id='word_1_297' title='bbox 803 4282 924 4346; x_wconf 88' lang='grc' dir='ltr'>τούτους</span> <span class='ocrx_word' id='word_1_298' title='bbox 947 4286 1082 4347; x_wconf 82' lang='grc' dir='ltr'>δαπανῶν</span> <span class='ocrx_word' id='word_1_299' title='bbox 1098 4286 1141 4350; x_wconf 83' lang='grc' dir='ltr'>εἰς</span> <span class='ocrx_word' id='word_1_300' title='bbox 1155 4286 1210 4364; x_wconf 74' lang='grc' dir='ltr'>τὴν</span> <span class='ocrx_word' id='word_1_301' title='bbox 1225 4293 1284 4351; x_wconf 90' lang='grc' dir='ltr'>τῶν</span> <span class='ocrx_word' id='word_1_302' title='bbox 1302 4295 1394 4353; x_wconf 86' lang='grc' dir='ltr'>πολι-</span> 
     </span>
     <span class='ocr_line' id='line_1_35' title="bbox 242 4377 1396 4472; baseline 0.013 -27"><span class='ocrx_word' id='word_1_303' title='bbox 242 4387 302 4447; x_wconf 84' lang='grc' dir='ltr'>τῶν</span> <span class='ocrx_word' id='word_1_304' title='bbox 324 4379 463 4463; x_wconf 84' lang='grc' dir='ltr'>εὐωχίαν·</span> <span class='ocrx_word' id='word_1_305' title='bbox 517 4377 566 4467; x_wconf 84' lang='grc'>(3)</span> <span class='ocrx_word' id='word_1_306' title='bbox 588 4379 641 4448; x_wconf 88' lang='grc' dir='ltr'>τάς</span> <span class='ocrx_word' id='word_1_307' title='bbox 671 4385 704 4447; x_wconf 79' lang='grc' dir='ltr'>δέ</span> <span class='ocrx_word' id='word_1_308' title='bbox 735 4382 830 4468; x_wconf 86' lang='grc' dir='ltr'>ἀρχὰς</span> <span class='ocrx_word' id='word_1_309' title='bbox 859 4384 979 4452; x_wconf 86' lang='grc' dir='ltr'>ἀπόσας</span> <span class='ocrx_word' id='word_1_310' title='bbox 1005 4392 1067 4452; x_wconf 81' lang='grc' dir='ltr'>τοῖς</span> <span class='ocrx_word' id='word_1_311' title='bbox 1095 4389 1230 4472; x_wconf 86' lang='grc' dir='ltr'>ἀρχαίοις</span> <span class='ocrx_word' id='word_1_312' title='bbox 1256 4394 1396 4460; x_wconf 90' lang='grc' dir='ltr'>πολίταις</span> 
     </span>
     <span class='ocr_line' id='line_1_36' title="bbox 243 4481 1396 4567; baseline 0.008 -16"><span class='ocrx_word' id='word_1_313' title='bbox 243 4482 403 4567; x_wconf 81' lang='grc' dir='ltr'>ἀπένεμον·</span> <span class='ocrx_word' id='word_1_314' title='bbox 435 4482 504 4551; x_wconf 84' lang='grc' dir='ltr'>τοὺς</span> <span class='ocrx_word' id='word_1_315' title='bbox 525 4485 558 4549; x_wconf 77' lang='grc' dir='ltr'>δὲ</span> <span class='ocrx_word' id='word_1_316' title='bbox 576 4481 680 4564; x_wconf 82' lang='grc' dir='ltr'>ξένους</span> <span class='ocrx_word' id='word_1_317' title='bbox 702 4485 770 4554; x_wconf 85' lang='grc' dir='ltr'>τούς</span> <span class='ocrx_word' id='word_1_318' title='bbox 789 4484 838 4551; x_wconf 81' lang='grc' dir='ltr'>ἐπὶ</span> <span class='ocrx_word' id='word_1_319' title='bbox 860 4494 912 4553; x_wconf 86' lang='grc' dir='ltr'>τοῦ</span> <span class='ocrx_word' id='word_1_320' title='bbox 928 4489 1065 4558; x_wconf 84' lang='grc' dir='ltr'>Γέλωνος</span> <span class='ocrx_word' id='word_1_321' title='bbox 1087 4495 1319 4562; x_wconf 88' lang='grc' dir='ltr'>πολιτευθέντας</span> <span class='ocrx_word' id='word_1_322' title='bbox 1341 4496 1396 4560; x_wconf 83' lang='grc' dir='ltr'>οὐκ</span> 
     </span>
    </p>
   </div>
   <div class='ocr_carea' id='block_1_8' title="bbox 0 0 1523 5046">
    <p class='ocr_par' dir='ltr' id='par_1_8' title="bbox 0 0 1523 5046">
     <span class='ocr_line' id='line_1_37' title="bbox 0 0 1523 5046; baseline 0 0"><span class='ocrx_word' id='word_1_323' title='bbox 0 0 1523 5046; x_wconf 95' lang='lat' dir='ltr'> </span> 
     </span>
    </p>
   </div>
  </div>
 </body>
</html>
