3000 5046
146 351 256 418 ’νδ-81]
456 344 542 403 THE
570 344 781 404 WESTERN
805 344 985 404 GREEKS.
1237 361 1296 423 325

573 629 732 697 Hieron’s
754 641 868 697 court.

626 766 808 854 Αὐεούμίος.

189 916 241 971 78.
265 904 419 991 Aeschyli
443 904 523 971 Vita
544 904 589 992 (p.
611 907 676 984 468
700 904 860 993 Weckl.):
894 906 1027 990 Ἀπῆρεν
1049 910 1082 973 δὲ
1105 907 1145 974 ὧς
1166 906 1294 988 Ἱέρωνα,

146 1010 219 1073 κατὰ
234 1011 301 1075 τινὰ
315 1013 370 1091 μὲν
385 1010 443 1075 ὐπδ
457 1007 627 1091 Ἀθηναίων
639 1008 918 1078 κατασπονδασθείς
933 1010 981 1076 καί
996 1009 1144 1092 ἡσσηθεὶς
1158 1011 1215 1096 νέιρ
1231 1012 1294 1077 όντι

145 1117 309 1195 Σοφοκλεῖ,
328 1118 402 1178 κατὰ
420 1116 452 1179 δέ
475 1116 570 1181 ἐνίους
594 1117 628 1179 ἐν
648 1117 689 1199 τῷ
713 1118 756 1182 εἰς
779 1115 847 1182 τοὺς
870 1117 903 1181 ἐν
925 1119 1092 1196 Μαραθῶνι
1115 1116 1293 1193 τεθνηκότας

144 1218 269 1303 ἐλεγείῳ
285 1215 431 1296 ἡσσηθεὶς
446 1220 596 1304 Σιμωνίδῃ
620 1266 627 1282 .
645 1266 652 1281 .
670 1267 677 1283 .
701 1221 780 1285 τινές
800 1222 833 1284 δέ
850 1217 948 1300 φασὶν
969 1221 1002 1284 ἐν
1019 1245 1055 1307 τῃ
1077 1216 1221 1298 ἐπιδείξει
1235 1224 1296 1280 τῶν

145 1320 316 1398 Εὐμενίδων
330 1321 486 1401 σποράδην
506 1323 708 1405 εἰσαγαγόντα
730 1322 784 1386 τὸν
804 1322 898 1405 χορὸν
917 1326 1063 1386 τοσοῦτον
1078 1319 1227 1401 ἐκπλῆξαι
1243 1321 1296 1386 τὸν

143 1426 245 1503 δῆμον,
257 1424 295 1491 ὡς
310 1424 347 1489 τὰ
360 1426 417 1505 μέν
432 1423 523 1504 νήπια
539 1423 677 1506 ἐκψιῖξαι,
692 1428 729 1489 τδ
745 1429 777 1491 δέ
791 1427 910 1506 ἐμβρυα
924 1424 1168 1505 ἐξαμβλωθῆναι.
1196 1425 1295 1489 ἐλθδν

144 1528 243 1592 τοίνυν
265 1530 308 1594 εἰς
327 1530 480 1607 Σικελίαν,
495 1527 629 1611 Ἱέρωνος
650 1529 719 1594 τότε
742 1529 797 1608 τὴν
814 1532 926 1608 Αἴτνην
945 1529 1105 1609 κτίζοντος,
1121 1526 1295 1607 ἐπεδείξατο

143 1635 195 1697 τὰς
211 1632 363 1710 Αἰτναίας,
379 1632 585 1713 οἰωνιζόμενος
602 1634 675 1713 βίον
694 1633 808 1717 ἀγαθὸν
827 1636 889 1700 τοῖς
905 1633 1108 1711 συνοικίζουσι
1123 1631 1179 1712 τὴν
1193 1632 1294 1698 πόλιν.

144 1731 192 1797 καὶ
213 1736 334 1816 σφόδρα
355 1731 395 1822 τῷ
413 1735 546 1823 τυράννιρ
560 1734 674 1818 Ἱέρωνι
698 1733 747 1801 καί
762 1741 826 1804 τοῖς
842 1732 973 1822 Γελῴοις
988 1736 1131 1819 τιμηθείς,
1149 1733 1294 1815 ἐπιζήσας

143 1838 240 1919 τρίτον
257 1839 322 1905 έτος
337 1838 462 1920 γηραιὸς
478 1840 620 1905 ἐτελεύτα
634 1846 742 1905 τοῦτον
755 1846 809 1905 τὸν
824 1840 944 1923 τρόπον.
984 1841 1071 1906 ἀετὸς
1086 1842 1144 1922 γδρ
1155 1838 1295 1922 χελύνην

142 1940 292 2021 ἂρπόσας,
310 1942 348 2007 ὡς
366 1943 510 2024 ἐγκρατὴς
531 1942 674 2025 γενέσθαι
697 1946 750 2022 τῆς
773 1943 866 2027 δγρας
889 1946 940 2008 οὐκ
961 1945 1076 2027 ἰσχυεν,
1091 1943 1202 2024 ἀφίησι
1220 1945 1295 2006 κατδ

141 2050 259 2124 πετρῶν
289 2045 381 2124 αὐτὴν
407 2045 612 2112 συνθλάσσων
636 2052 690 2111 πού
719 2045 869 2129 δέρματος,
896 2049 1057 2130 ἐνεχθεῖσα
1083 2050 1115 2113 δὲ
1142 2045 1217 2110 κατὰ
1242 2050 1294 2108 τοῦ

141 2152 265 2226 ποιητοῦ
288 2147 409 2229 φονεύει
432 2149 530 2213 αὐτόν.
564 2148 819 2233 χρηστηριασθείς
840 2154 874 2215 δέ
901 2150 946 2228 ἦν·
978 2149 1117 2232 οὐρθνιόν
1139 2174 1176 2213 σε
1198 2148 1294 2229 βέλος

142 2256 324 2316 κατακτενεῖ.
370 2252 559 2318 ἀποθανόντα
584 2256 619 2318 δέ
644 2254 759 2339 Γελῷοι
789 2258 965 2320 πολυτελῶς
991 2255 1025 2318 ἐν
1050 2257 1113 2319 τοῖς
1138 2254 1294 2332 δημοσίοις

141 2351 275 2432 μνήμασι
292 2353 445 2436 θάψαντες
460 2358 606 2437 ἐτίμησαν
616 2363 864 2440 μεγαλοπρεπῶς,
880 2357 1104 2440 ἐπιγράψαντες
1119 2357 1207 2421 οὕτω·

314 2459 472 2541 Αἰσχύλον
494 2460 684 2542 Εὐφορίωνος
704 2459 867 2540 Ἀθηναῖον
888 2462 957 2526 τόδε
979 2459 1078 2526 κεύθει

356 2565 458 2643 μνῆμα
480 2564 705 2645 καταφθίμενον
726 2565 913 2646 πυροφόροιο
935 2563 1042 2631 Γέλας·

314 2666 411 2744 ἀλκὴν
433 2662 459 2731 δ’
482 2668 638 2746 εὐδόκιμον
661 2668 863 2750 Μαραθῶνιον
885 2666 982 2734 ἀλσος
1003 2666 1042 2732 δν
1064 2667 1144 2731 είπαι

357 2766 405 2833 καί
427 2769 645 2852 βαθυχαιτήεις
668 2774 774 2851 Μῆδος
797 2769 1006 2848 ἐπισπόμενος.

140 2874 182 2935 εἰς
197 2877 232 2935 τδ
246 2875 347 2952 μνῆμα
362 2875 394 2938 δὲ
411 2880 577 2954 φοιτῶντες
591 2874 677 2942 ὅσοις
692 2876 726 2939 ἐν
741 2877 918 2960 τραγῳδίαις
933 2872 971 2954 ἧν
989 2875 1005 2936 ὁ
1023 2873 1092 2951 βίος
1107 2870 1246 2955 ἐνήγιζόν
1260 2895 1292 2934 τε

140 2972 189 3038 καί
203 2974 242 3039 τὰ
257 2975 389 3056 δράματα
403 2977 606 3060 ὑπεκρίνοντο.
622 3026 630 3042 .
646 3025 676 3043 ..
694 2979 911 3061 ἐπιγέγραπται
926 2979 967 3061 τῷ
977 2976 1066 3062 τόφιρ
1082 2976 1182 3040 αὐτοῦ·

356 3082 457 3145 αἰετού
480 3079 517 3161 ἐξ
532 3080 651 3166 ὀνύχων
671 3082 792 3165 βρέγμα
814 3082 916 3147 τυπεὶς
940 3080 1059 3145 ἔθανον.

140 3179 237 3262 φασὶν
259 3184 317 3246 ὑπὸ
341 3182 477 3264 Ἱέρωνος
501 3184 668 3263 ἀξιωθέντα
690 3182 864 3262 ἀναδιδθξαι
886 3184 955 3251 τούς
975 3181 1099 3264 Πέρσας
1120 3183 1154 3247 ἐν
1169 3182 1293 3265 Σικελίᾳ

140 3288 189 3349 καὶ
204 3286 278 3349 λίαν
293 3285 468 3367 εὐδοκιμεῖν.

183 3424 236 3479 79.
258 3411 394 3479 Anthol.
414 3412 485 3478 Pal.
502 3414 560 3480 vii.
579 3435 640 3494 40:
670 3417 849 3498 Διοδιίρουι

226 3518 383 3598 Αἰσχύλον
405 3517 459 3596 ἥδε
481 3517 565 3601 λέγει
587 3520 681 3600 ταφίη
704 3519 790 3585 λίθος
812 3517 918 3583 ἐνθάδε
941 3521 1059 3582 κεῖσθαι

269 3625 322 3684 τὸν
342 3618 450 3702 μέγαν,
473 3622 586 3701 οἰκείης
609 3620 676 3702 τῆλ’
699 3623 760 3686 θπδ
782 3623 963 3704 Κεκροπίης,

226 3722 320 3788 λευκὰ
343 3722 424 3788 Γέλα
446 3728 586 3789 Σικελοῖο
607 3721 679 3811 παρ’
699 3726 801 3790 ὕδατα·
836 3725 880 3793 τίς
902 3723 1026 3807 φθόνος,
1049 3722 1081 3789 αῖ
1104 3723 1144 3801 αἰ,

270 3828 425 3907 Θησείδας
448 3829 569 3911 ἀγαθῶν
591 3829 714 3911 ἐγκοτος
737 3830 803 3894 αἰὲν
825 3830 916 3913 ἐχει,ο

183 3966 240 4021 80.
261 3954 387 4020 Marm.
402 3955 486 4021 Par.
502 3972 544 4041 59
560 3954 647 4046 (74):
685 3957 757 4036 Ἀφ’
775 3958 810 4021 οὐ
825 3958 983 4041 Αἰσχύλος
1000 3957 1017 4020 θ
1033 3955 1158 4035 ποιητὴς
1172 3956 1291 4038 βιιίσας

139 4058 189 4136 ἐτη
205 4056 347 4124 ἰΠΔΓΙΙΙΙΙ
364 4061 562 4139 ἐτελεύτησεν
574 4063 607 4126 ἐν
619 4061 733 4150 [Γέλ]αι
747 4064 802 4140 τῆς
815 4061 976 4148 [Σιίκελίας
989 4062 1040 4142 ἐτη
1054 4057 1289 4125 ΗίΠΔΔΔΔΙΙΙ

138 4161 283 4246 ἀρχοντος
296 4160 443 4244 Ἀθήνησι
461 4164 622 4250 Καλλ[ί]ου
636 4170 688 4229 τοῦ
705 4167 860 4248 προτέρου.

378 4341 441 4407 The
463 4341 585 4409 Persai
603 4343 796 4430 persmmed
817 4349 854 4409 at
875 4342 1054 4430 θηταίοιιαο.

184 4487 234 4542 81.
256 4475 364 4543 Schol.
380 4477 416 4542 in
430 4480 488 4545 Ar.
502 4477 594 4545 Ιύατι.
613 4480 696 4544 1028
711 4507 718 4547 :
749 4486 883 4546 Δοκούσι
906 4483 938 4546 δέ
959 4482 1039 4546 αὐτοι
1054 4482 1084 4547 οἰ
1099 4479 1218 4563 Πέρσαι
1232 4480 1291 4545 ὐπὸ
