3000 5046
146 372 257 438 ιτς-294
385 366 553 426 SPARTA
580 368 673 426 AND
697 368 1044 430 PELOPONNESOS.
1239 389 1298 453 293

148 585 256 627 σαντες
271 562 325 628 οὖν
338 561 501 646 άξιόλογον
516 564 640 642 δύναμιν
658 565 691 630 έκ
708 589 743 630 τε
754 565 889 647 Ἀργους
906 565 955 631 καὶ
974 569 1007 630 ἐκ
1024 575 1085 632 τῶν
1101 572 1298 653 συμμαχίδων

147 665 268 730 πόλεων
288 667 493 748 ἐστράτευσαν
515 667 562 732 ἐπ’
588 668 703 745 αὐτούς,
727 668 905 748 νικήσαντες
936 675 969 736 δέ
991 670 1074 758 μάχῃ
1100 673 1170 740 τοὺς
1193 678 1297 752 Μυκη·

146 769 245 837 ναίους
257 768 306 857 καῖ
317 773 555 855 συγκλείσαντες
566 772 650 839 ἐντδς
661 780 774 856 τειχῶν
785 773 981 855 ἐπολιόρκουν
990 775 1044 855 τήν
1057 778 1162 867 Ιπόλιν.
1206 774 1256 866 (4)
1266 781 1296 843 οἱ

147 874 180 937 δὲ
197 878 365 953 Μυκηναῖοι
379 877 491 960 χρόνον
506 879 562 957 μέν
577 901 646 941 τινα
660 876 730 944 τοὺς
747 883 983 960 πολιορκοῦντας
998 879 1124 947 εὐτόνως
1137 880 1296 961 ήμύνοντο,

146 975 222 1056 μετά
237 982 270 1043 δὲ
291 985 384 1044 ταῦτα
406 982 582 1060 λειπόμενοι
609 981 650 1067 τῶ
669 980 805 1065 πολέμῳ,
833 979 881 1046 καὶ
905 988 966 1048 τῶν
989 985 1235 1062 Λακεδαιμονίων
1256 986 1296 1064 μή

146 1082 318 1163 δυναμένων
329 1088 482 1163 βοηθήσω
498 1085 548 1151 διὰ
562 1086 629 1151 τοὺς
646 1086 735 1152 ἰδίους
751 1084 903 1165 πολέμους
916 1084 964 1150 καὶ
976 1086 1030 1166 τήν
1043 1090 1076 1152 ἐκ
1087 1095 1147 1153 τῶν
1160 1096 1297 1169 σεισμῶν

146 1187 310 1269 γενομένην
328 1188 428 1256 αὐτοῖς
447 1188 615 1271 συμφοράν,
630 1187 736 1252 άλλων
757 1187 783 1253 δ’
802 1189 854 1253 ούκ
877 1191 973 1255 ὄντων
994 1189 1168 1275 συμμάχων,
1191 1194 1297 1278 ἐρημία

146 1295 206 1354 τῶν
230 1291 466 1374 ἐπικουρούντων
488 1295 563 1356 κατὰ
587 1290 695 1374 κρότος
718 1293 851 1372 ἥλωσαν.
896 1289 945 1379 (5)
960 1296 989 1357 οῖ
1016 1297 1049 1358 δὲ
1071 1291 1203 1376 Ἀργεῖοι
1227 1296 1296 1363 τοὺς

148 1396 337 1473 Μυκηναίους
358 1395 645 1478 άνδραποδισάμενοι
667 1393 716 1459 καῖ
736 1396 862 1476 δεκάτην
885 1399 920 1476 ἐξ
940 1397 1038 1461 αὐτῶν
1056 1398 1098 1482 τῷ
1123 1399 1181 1484 θεῷ
1197 1405 1296 1465 καθιε-

144 1497 303 1577 ρῶσαντες,
314 1499 367 1567 τὰς
382 1499 524 1578 Μυκήνας
541 1500 747 1582 κατέσκαψαν.
779 1502 852 1580 αθτη
863 1502 919 1581 μὶν
934 1501 1019 1579 οὖνὴ
1036 1502 1137 1580 πόλις,
1149 1502 1296 1582 εὐδαίμων

146 1602 179 1663 έν
195 1607 257 1669 τοῖς
272 1603 410 1686 ἄρχαίοις
429 1604 551 1688 χρόνοις
573 1603 717 1687 γενομένη
738 1606 786 1669 καὶ
809 1605 959 1688 μεγάλους
980 1607 1089 1689 ἄνδρας
1107 1607 1223 1690 έχουσο
1246 1609 1295 1672 καὶ

145 1703 268 1786 πράξεις
289 1705 468 1791 άξιολόγονς
485 1707 731 1789 έπιτελεσαμένη,
746 1708 888 1788 τοιαύτην
904 1710 989 1793 έσχε·
1001 1710 1056 1790 τὴν
1072 1711 1294 1793 καταστροφήν,

147 1808 195 1874 καῖ
218 1811 365 1893 διέμεινεν
384 1812 525 1890 άοίκητος
539 1812 627 1896 μέχρι
647 1819 708 1877 τῶν
724 1811 789 1877 καθ’
803 1812 881 1892 ἡμᾶς
897 1815 1021 1897 χρόνων.
1066 1818 1159 1878 ταῦτα
1172 1816 1228 1894 μὲν
1244 1815 1296 1880 οὖν

144 1913 280 1997 ἐπράχθη
299 1917 374 1979 κατὰ
387 1920 495 1981 τοῦτον
508 1915 562 1980 τὸν
577 1917 723 1982 ἐνιαυτόν.

189 2061 243 2116 24.
265 2051 348 2117 Ηοι.
363 2052 408 2116 vi.
427 2055 477 2138 ιη.

188 2200 243 2256 25.
265 2189 361 2255 Paus,
376 2189 434 2254 vii.
447 2203 497 2271 25.
514 2204 554 2272 5:
579 2193 763 2272 Μυκηναίοις
778 2190 835 2275 γὰρ
851 2191 885 2256 τὸ
899 2194 956 2272 μέν
970 2195 1072 2277 τεῖχος
1088 2193 1204 2256 άλῶναι
1220 2194 1295 2256 κατὰ

143 2299 176 2357 τδ
193 2296 317 2377 ἰσχυρὸν
333 2294 385 2358 ούκ
401 2295 523 2361 ἐδύνατο
539 2296 596 2359 ύπδ
611 2294 765 2379 Ἀργείων,
777 2293 827 2384 (6)
837 2296 1021 2378 ἐτετείχιστο
1037 2295 1096 2377 γὰρ
1111 2294 1186 2359 κατὰ
1201 2295 1295 2359 ταύτὰ

142 2399 185 2483 τῷ
195 2400 228 2462 ἐν
242 2400 364 2480 Τίρυνθι
375 2399 434 2463 ύπδ
448 2405 508 2463 τῶν
520 2400 694 2464 Κυκλόπων
709 2399 910 2479 καλουμένων,
921 2398 995 2463 κατὰ
1005 2398 1138 2481 ἀνάγκην
1149 2402 1182 2463 δὲ
1194 2399 1293 2463 ἐκλεί-

142 2528 234 2567 πουσι
249 2507 417 2580 Μυκηναῖοι
432 2502 487 2583 τὴν
503 2503 593 2568 πόλιν
606 2505 825 2568 ἐπιλειπόντων
835 2507 918 2584 σφῶς
932 2509 993 2567 τῶν
1009 2504 1121 2578 σιτίων,
1134 2499 1182 2566 καῖ
1200 2502 1294 2567 ἄλλοι

142 2607 197 2685 μέν
212 2631 290 2673 τινες
306 2609 337 2673 ἐς
353 2606 498 2673 Κλεωνάς
513 2608 724 2690 δποχωροῦσιν
738 2606 774 2686 ἐξ
784 2609 889 2683 αὐτῶν,
903 2610 954 2669 τοῦ
970 2604 1064 2686 δήμου
1079 2608 1112 2670 δέ
1127 2606 1224 2671 πλέον
1237 2610 1294 2688 μὲν

141 2711 235 2789 ήμισν
262 2713 294 2777 ές
315 2712 505 2776 Μακεδονίαν
532 2711 757 2792 καταφεύγουσι
783 2713 865 2791 παρὰ
891 2708 1093 2789 Ἀλέξανδρον
1120 2756 1127 2773 .
1153 2756 1160 2773 .
1185 2759 1193 2775 .
1217 2713 1233 2770 ό
1261 2712 1294 2773 δέ

142 2814 238 2881 ἄλλος
253 2818 345 2894 δῆμος
357 2817 501 2896 ἀφίκοντο
513 2817 544 2882 ἐς
556 2815 611 2895 τήν
622 2814 793 2895 Κερύνειαν,
804 2812 854 2878 καῖ
863 2813 1049 2895 δυνατωτέρα
1064 2838 1097 2878 τε
1112 2812 1131 2892 ή
1150 2813 1293 2895 Κερύνεια

141 2918 304 2999 οἰκητόρων
328 2916 440 2997 πλήθει
465 2915 513 2982 καί
539 2918 570 2986 ές
594 2923 628 2982 τδ
649 2920 754 2984 ἔπειτα
777 2917 896 3001 ἐγένετο
921 2917 1147 2999 ἐπιφανεστέρα
1171 2920 1222 2980 διδ
1239 2916 1295 2995 τὴν

142 3021 319 3101 συνοίκησιν
334 3027 395 3086 τῶν
407 3024 597 3100 Μυκηναίων.

184 3169 239 3223 26.
263 3157 317 3224 Id.
333 3158 366 3223 ii.
386 3174 435 3240 17.
448 3176 488 3242 5:
513 3163 602 3242 Παρὰ
617 3164 650 3225 δὲ
669 3159 760 3240 αύτήυ
776 3163 861 3226 ἐστιν
876 3156 925 3224 ἐπὶ
941 3161 1041 3227 κίονος
1057 3158 1179 3241 ἄγαλμα
1192 3155 1292 3237 Ἥρας

140 3263 276 3347 ἀρχαῖον.
315 3270 349 3327 τδ
365 3266 397 3327 δὲ
411 3263 611 3346 ἀρχαιότατον
625 3267 786 3343 πεποίηται
800 3265 856 3344 μέν
871 3263 907 3342 ἐξ
920 3264 1061 3346 ἀχράδος,
1071 3261 1196 3339 ἀνετέθη
1212 3265 1244 3327 δὲ
1261 3261 1293 3328 ἐς

139 3369 272 3448 Τίρυνθα
290 3369 349 3431 ύπδ
371 3365 524 3447 Πειράσου
545 3373 598 3430 τοῦ
617 3367 742 3450 Ἀργου,
766 3368 897 3449 Τίρυνθα
921 3369 954 3431 δὲ
978 3368 1137 3433 ἀνελόντες
1160 3364 1293 3448 Ἀργεῖοι

139 3471 312 3550 κομίζουσιν
328 3472 358 3536 ἐς
373 3475 407 3532 τὸ
421 3466 557 3551 Ἡραῖον·
582 3468 599 3534 δ
613 3471 650 3550 δὴ
666 3469 714 3536 καί
730 3471 818 3538 αὐτὸς
833 3470 924 3546 εἶδον,
936 3469 1104 3548 καθήμενον
1119 3469 1242 3552 ἄγαλμα
1258 3468 1292 3532 ού

138 3574 227 3653 μέγα.

182 3723 235 3779 27.
258 3709 348 3776 ΙΜό.
360 3726 411 3794 25.
424 3714 463 3774 8:
478 3711 679 3792 Ἀνέστησαν
689 3713 722 3777 δέ
738 3710 786 3776 καῖ
796 3712 971 3794 Τιρυνθίους
982 3709 1123 3791 Ἀργεῖοι,
1133 3709 1291 3774 συνοίκους

138 3823 331 3896 προσλαβεῖν
345 3814 395 3880 καῖ
409 3816 444 3880 τδ
456 3813 568 3900 Ἀργος
586 3815 754 3896 ἐπαυξῆσαι
771 3814 966 3897 θελήσαντες.

182 3967 237 4020 28.
260 3953 371 4020 Strab.
382 3954 453 4020 viii.
464 3956 494 4018 6.
508 3974 546 4039 19
557 3950 669 4043 (377):
692 3957 781 4020 Μετὰ
795 3956 828 4018 δὲ
843 3952 899 4032 τὴν
913 3954 946 4016 ἐν
962 3955 1111 4032 Σαλαμῖνι
1122 3951 1291 4032 ναυμαχίαν

137 4059 270 4142 Ἀργεῖοι
301 4060 377 4140 μετὰ
414 4060 596 4124 Κλεωναίων
628 4057 677 4124 καί
706 4064 867 4142 Τεγεατῶν
900 4058 1079 4122 ἐπελθόντες
1113 4054 1206 4137 άρδην
1236 4056 1290 4121 τὰς

138 4163 281 4244 Μυκήνας
305 4166 427 4230 άνεῖλον
452 4162 500 4229 καί
518 4163 573 4243 τὴν
594 4165 696 4248 χῶραν
716 4165 926 4244 διενείμαντο.
944 4163 1120 4226 ..ἐνταῦθα
1142 4161 1174 4223 δέ
1197 4156 1247 4222 καῖ
1269 4157 1288 4236 ή

138 4270 241 4346 Νεμέα
263 4266 376 4348 μεταξὺ
397 4272 547 4333 Κλεωνῶν
567 4267 616 4332 καῖ
638 4272 804 4335 Φλιοῦντος
827 4264 876 4331 καί
900 4272 935 4330 τὸ
954 4266 1061 4340 άλσος,
1084 4266 1117 4330 ἐν
1136 4257 1159 4349 ᾧ
1181 4259 1289 4327 καὶτὰ

136 4374 241 4451 Νέμεα
256 4377 415 4438 συντελεῖν
430 4373 498 4439 έθος
513 4377 576 4440 τοῖς
591 4373 748 4456 Ἀργείοις.

181 4521 236 4577 22.
258 4508 347 4575 Ιίνίό.
362 4509 424 4596 10(
428 4510 523 4599 372):
541 4508 641 4576 Ὥστε
651 4510 705 4578 τὰς
713 4508 955 4593 ἡγεμονευούσας
966 4508 1001 4574 ἐν
1009 4507 1112 4573 αὐτοῖς
1120 4502 1289 4571 δύοπόλεις
1379 4504 1386 4515 ”
