3000 5046
226 344 288 405 σοι
642 342 975 403 Βιοοιιινιιιαυι.
1251 350 1385 416 [om

229 544 432 608 καταλιπόντι.
478 537 599 607 καὶτὰς
621 541 677 621 μέν
699 542 861 624 θυγατέρας
883 541 1058 622 ἱστοροῦσιν
1076 540 1109 603 έκ
1129 544 1183 606 τοῦ
1202 539 1384 621 πρυτανείου

228 652 290 714 τοῖς
306 647 446 728 νυμφίοις
461 647 616 724 έκδοθῆυαι
632 646 769 728 δημοσία,
781 649 834 724 τῆς
849 643 967 710 πόλεως
982 649 1035 709 τδν
1049 643 1146 726 γάμον
1160 642 1316 726 έγγυόσης
1333 638 1384 706 καὶ

228 755 337 831 προῖκα
368 749 541 831 τρισχιλίας
570 751 705 832 δραχμὰς
735 746 860 830 ἑκατέρη
887 745 1118 828 ψηφισαμένης,
1148 746 1318 831 Λυσιμάχῳ
1349 745 1384 809 δὲ

228 850 269 936 τφ
289 851 344 938 υίφ
362 856 436 932 μνᾶς
450 852 506 932 μὶν
521 854 628 915 ἑκατὸν
644 851 785 933 ἀργυρίου
807 848 856 914 καί
876 852 933 933 γῆς
952 853 1085 915 τοσαῦτα
1103 849 1220 929 πλέθρα
1234 856 1383 930 πεφυτευ-

228 956 318 1036 μένης
335 955 444 1021 έδωκεν
460 956 477 1018 ὁ
492 957 593 1035 δῆμος,
604 954 702 1020 άλλας
714 956 746 1017 δὲ
758 955 892 1038 δραχμὰς
907 952 1058 1036 τέσσαρας
1070 955 1114 1019 είς
1126 952 1237 1034 ἡμέραν
1250 953 1384 1031 ἑκάστην

229 1059 386 1138 ἀπέταξεν,
401 1057 600 1137 Ἀλκιβιάδου
615 1063 649 1122 τδ
664 1056 815 1139 ψήφισμα
829 1058 1012 1139 γράψαντος.

274 1206 328 1261 64.
346 1194 444 1260 Corn.
460 1193 543 1278 Nep.
561 1193 666 1258 Arist.
684 1212 714 1277 3.
730 1213 767 1279 3:
790 1191 1068 1258 Decessieautem
1082 1192 1150 1258 fere
1164 1198 1240 1279 post
1255 1214 1385 1258 annum

229 1306 386 1385 qumum
400 1319 500 1384 quam
515 1296 750 1363 Themistocles
765 1296 909 1361 Athenis
923 1303 995 1362 erat
1010 1296 1178 1385 expulsus.

669 1537 708 1602 Η
709 1536 737 1601 ie
758 1534 938 1602 character.

274 1688 328 1740 65.
351 1675 437 1741 Plut.
455 1674 562 1740 Arist.
580 1695 618 1761 3:
643 1674 810 1756 Θαυμαστὴ
833 1676 867 1740 δέ
888 1700 934 1742 τις
957 1676 1098 1757 έφαίυετο
1121 1676 1213 1741 αύτοθ
1232 1682 1312 1762 παρὰ
1330 1677 1385 1747 τάς

230 1782 265 1845 έν
279 1805 316 1866 τη
333 1781 472 1865 πολιτεία
486 1779 661 1862 μεταβολάς
679 1778 698 1859 ἡ
715 1779 874 1844 εὐστάθεια
891 1826 899 1842 .
916 1826 923 1842 .
942 1827 949 1841 .
967 1780 1075 1858 δμοίως
1093 1779 1260 1863 ἡγουμένου
1274 1785 1385 1865 χρῆναι

230 1885 268 1972 τῇ
278 1885 395 1965 πατρίδι
407 1884 551 1967 παρέχειν
561 1883 668 1949 ἑαυτὸν
683 1884 717 1947 ού
731 1882 891 1964 χρημάτων
905 1883 1008 1966 μόνον,
1021 1883 1102 1948 άλλά
1114 1883 1162 1949 καὶ
1173 1884 1262 1965 δόξης
1274 1890 1385 1968 προῖκα

232 1985 281 2052 καὶ
302 1986 409 2068 άμισθί
429 1987 672 2069 πολιτευόμενον.
718 1989 797 2065 ὅθεν,
818 1986 859 2053 ὣς
880 1987 966 2065 ἔοικε,
987 1995 1048 2052 τῶν
1068 1990 1111 2055 είς
1126 1989 1316 2072 Ἀμφιάραον
1333 1989 1385 2054 ὑπ’

231 2092 389 2175 Αίσχύλου
405 2091 613 2172 πεποιημένων
630 2092 777 2171 ίαμβείωυ
793 2092 826 2154 ἓν
840 2090 881 2176 τφ
893 2092 1007 2176 θεάτριρ
1021 2092 1201 2174 λεγομένων·

405 2196 520 2277 οὐγὰρ
542 2198 642 2259 δοκεῖν
664 2196 786 2271 δίκαιος,
810 2189 881 2256 ἀλλ’
903 2193 981 2259 εἶναι
1004 2194 1101 2274 θέλει,

404 2304 535 2380 βαθεῖαν
557 2301 653 2362 ὅλοκα
676 2301 725 2363 διδ
747 2297 860 2379 φρενὸς
882 2298 1094 2380 καρπούμενος,

405 2402 459 2483 ἀφ’
481 2401 516 2482 ής
538 2405 576 2466 τὰ
599 2404 688 2467 κεδνὰ
708 2402 880 2482 βλαστάνει
902 2403 1106 2484 βουλεύματα,

230 2508 339 2572 πάντες
367 2505 555 2587 ἀπέβλεψαν
578 2507 622 2572 είς
643 2502 841 2587 Ἀριστείδην,
865 2505 904 2571 ὡς
926 2506 1028 2592 ἐκείνῳ
1050 2507 1184 2588 μάλιστα
1205 2512 1259 2588 τῆς
1277 2510 1385 2592 ἀρετῆς

231 2610 338 2688 ταύτης
355 2609 573 2692 προσηκούσης.

275 2760 332 2814 66.
355 2746 380 2812 Ι
380 2747 443 2813 bid.
473 2760 534 2828 25:
559 2743 633 2811 Καθ’
663 2749 738 2811 ὅλου
767 2744 793 2812 δ’
822 2748 839 2810 ό
867 2749 1068 2828 Θεόφραστός
1097 2757 1176 2831 φησι
1205 2750 1258 2816 τὸν
1290 2752 1385 2835 ἄνδρα

231 2857 339 2918 τοῦτον
356 2849 424 2933 περὶ
445 2854 482 2915 τὰ
500 2854 594 2916 οἰκεῖα
619 2847 755 2918 καὶτοὺς
775 2853 901 2918 πολίτας
921 2852 1017 2935 ἄκρως
1036 2854 1108 2917 ὄντα
1130 2857 1244 2919 δίκαιον
1266 2857 1299 2920 έν
1320 2860 1385 2923 τοῖς

233 2962 345 3023 κοινοῖς
367 2954 470 3019 πολλὰ
492 2954 602 3040 πρᾶξαι
624 2955 698 3035 πρὸς
720 2956 775 3035 τὴν
797 2956 942 3020 ύπόθεσιν
965 2960 1018 3035 τῆς
1041 2958 1189 3038 πατρίδος,
1208 2960 1248 3026 ὣς
1269 2961 1386 3044 συχνῆς

232 3059 348 3126 άδικίας
363 3059 516 3139 δεομένης.
563 3056 611 3123 καί
631 3063 690 3141 γὰρ
708 3059 745 3123 τὰ
766 3058 903 3141 χρήματά
919 3068 1015 3142 φησιν
1030 3063 1062 3125 ἐκ
1079 3061 1184 3141 Δήλου
1198 3065 1385 3144 βουλευομέ·

233 3189 293 3229 νων
305 3161 451 3242 Ἀθήναζε
468 3164 590 3241 κομίσαι
606 3167 686 3244 παρὰ
697 3166 750 3230 τὰς
763 3161 913 3242 συνθήκας
925 3164 1003 3248 {xes}
1017 3166 1138 3242 Σαμίων
1150 3167 1384 3248 εἰσηγουμένων,

233 3269 330 3333 εἰπεῖν
345 3268 469 3346 έκεῖνον,
486 3266 524 3333 ὡς
541 3267 575 3330 ού
590 3268 704 3331 δίκαιον
719 3268 783 3347 μέν,
800 3269 954 3350 συμφέρον
969 3269 1002 3333 δέ
1017 3269 1096 3333 τοῦτ’
1110 3271 1185 3335 έστί.
1231 3270 1279 3335 καὶ
1294 3273 1384 3340 τέλος

233 3374 277 3438 είς
297 3376 331 3433 τὸ
352 3369 456 3455 άρχειν
477 3370 641 3451 ἀνθρώπων
662 3370 814 3436 τοσούτων
832 3370 1023 3451 καταστήσας
1043 3372 1098 3453 τήν
1118 3375 1209 3438 πόλιν
1229 3374 1317 3442 αὐτὸς
1338 3378 1386 3440 έν-

233 3474 332 3554 έμειυε
344 3474 381 3562 τῇ
391 3474 480 3559 πενίᾳ
491 3470 540 3538 καὶ
552 3474 607 3553 τήν
620 3473 680 3537 άπὸ
695 3478 747 3537 τοῦ
762 3474 853 3553 πένης
869 3475 945 3539 εἶναι
958 3475 1049 3554 δόξαν
1062 3477 1146 3541 οὐδὲν
1157 3477 1248 3557 ἦττον
1260 3481 1386 3562 ἆγαπῶν

232 3583 285 3658 τῆς
312 3580 372 3642 άπδ
399 3584 458 3643 τῶν
488 3579 639 3659 τροπαίων
664 3577 828 3642 διετέλεσε.
851 3625 859 3641 .
882 3627 888 3643 .
913 3626 921 3643 .
944 3580 1078 3644 Πλάτων
1104 3582 1137 3645 δὲ
1163 3588 1222 3645 τῶν
1243 3584 1386 3665 μεγάλων

233 3681 400 3748 δοκούντων
418 3679 467 3746 καί
487 3683 664 3763 ὀνομαστῶν
677 3681 825 3759 Ἀθήνησι
844 3682 937 3762 μόνον
959 3680 1044 3762 ἄξιον
1067 3685 1160 3766 λόγου
1182 3690 1288 3750 τοῦτον
1310 3688 1386 3751 άπο·

235 3786 338 3867 φαίνει
353 3791 405 3850 τδν
421 3785 522 3865 ἄνδρα·
551 3785 767 3864 Θεμιστοκλέα
789 3786 925 3868 μὲνγὰρ
948 3784 996 3849 καί
1019 3787 1142 3866 Κίμωνα
1165 3785 1213 3852 καὶ
1232 3790 1387 3871 Περικλέα

234 3895 335 3953 στοῶν
361 3885 410 3952 καὶ
436 3889 598 3972 χρημάτων
626 3884 674 3951 καὶ
700 3890 850 3968 φλυαρίας
876 3894 995 3969 πολλῆς
1024 3892 1178 3971 ἐμπλῆσαι
1204 3893 1259 3972 τὴν
1284 3895 1386 3972 πόλιν,

232 3987 421 4072 Ἀριστείδην
436 3993 469 4054 δὲ
484 3991 724 4055 πολιτεύσασθαι
740 3993 815 4073 πρὸς
831 3992 948 4073 άρετήν.

278 4093 365 4158 Plut.
383 4091 491 4160 Τδονι.
510 4112 560 4160 21.
606 4093 667 4159 See
682 4094 788 4161 above
805 4106 858 4160 29.

279 4249 330 4305 67.
358 4237 456 4303 Corn.
486 4238 570 4322 Nep.
593 4238 700 4306 Arist.
723 4260 753 4325 3.
779 4259 816 4305 2:
852 4240 918 4307 Hic
948 4264 1014 4328 qua
1042 4243 1144 4309 suerit
1172 4245 1385 4325 abstinentia,

234 4342 364 4407 nullum
389 4348 440 4408 eet
465 4343 589 4408 certius
614 4343 903 4431 indicium'quam
929 4347 1030 4433 quod,
1055 4370 1131 4413 cum
1156 4349 1262 4415 tantis
1287 4351 1387 4416 rebus

234 4444 440 4535 praefuisset,
456 4446 493 4512 in
513 4453 608 4513 tenta
627 4454 821 4535 paupertate
842 4450 989 4529 decessit,
1007 4456 1045 4516 ut
1066 4451 1123 4539 qui
1141 4453 1311 4520 efferretur
1325 4454 1386 4519 vix
