3000 5046
147 379 261 444 6066]
380 370 467 429 THE
491 369 723 428 ΑΤΗΕΝΙΑΝ
747 372 1029 431 CONFEDERAC
1034 373 1065 431 Y.
1262 391 1299 452 13

190 578 246 632 58.
269 565 370 632 Isoor.
388 583 428 651 15
450 565 491 631 ιία
509 564 622 630 Ρατοα
641 584 723 651 234:
748 572 923 648 Περικλῆς.
941 617 948 631 .
966 617 973 631 .
990 570 1033 636 εἶς
1055 570 1110 649 τήν
1133 570 1297 651 ἀκρόπολιν

146 671 198 735 οῦκ
215 670 331 735 ἐλάττω
345 672 456 752 μυρίων
471 671 628 735 ταλάντων
643 669 814 754 ἀνήνεγκεν.

190 804 244 859 56.
268 791 361 858 Dem.
379 812 398 877 3
415 791 464 857 Ol.
480 791 528 856 iii.
547 810 607 869 24:
632 793 736 856 Πλείω
752 792 778 856 δ’
793 790 811 871 ἣ
829 794 919 875 μύρια
935 793 1057 860 τάλαντ’
1074 798 1117 862 είς
1137 796 1191 875 τὴν
1208 797 1295 879 ἀκρό·

146 905 237 961 πολιν
252 897 413 979 ἀνήγαγον.
464 925 496 954 ·-
517 891 640 985 [Dem]
661 916 699 980 13
715 896 754 962 (Ie
768 896 849 983 Rep.
865 897 935 962 (καί.
953 900 1003 964 26.

190 1027 246 1083 60.
268 1016 471 1100 Pau8.i.29.
492 1018 549 1081 16:
573 1019 735 1104 Λυκούργῳ
757 1021 790 1083 δέ
810 1022 955 1103 ἐπορίσθη
976 1022 1032 1100 μὲν
1051 1018 1185 1084 τάλαντα
1207 1023 1238 1086 ές
1260 1026 1294 1083 τδ

145 1123 292 1201 δημόσιον
311 1123 520 1188 πεντακοσίοις
538 1123 666 1187 πλείονα
689 1125 737 1187 καὶ
760 1122 977 1208 ἑξακισχιλίοις
997 1120 1015 1202 ἢ
1032 1124 1090 1187 ὅσα
1106 1127 1256 1204 Περικλῆς
1278 1126 1294 1186 ὁ

146 1227 325 1290 Ξανθίππου
338 1226 501 1309 συνήγαγε.

510 1405 673 1471 Remmius
688 1404 726 1489 of
736 1406 786 1472 ίΙια
800 1405 926 1490 Synod.

189 1554 237 1607 61.
261 1542 360 1608 Thuc.
376 1544 425 1607 iii.
442 1562 522 1628 1¹·3
539 1543 608 1630 (the
623 1551 842 1610 autonomous
857 1543 1129 1631 Mytilenaians);
1152 1545 1173 1609 i.
1190 1549 1292 1625 141.6

145 1645 304 1732 (oontmst
318 1648 403 1714 with
418 1648 475 1713 the
490 1648 789 1735 Peloponnesians).

412 1837 569 1904 θναάιιαί
586 1836 778 1922 διιόρυιύὶοη
793 1836 831 1922 of
844 1837 895 1903 the
910 1837 1024 1903 Auses.

190 1971 271 2063 [For
285 1975 341 2040 the
357 1976 469 2041 actual
484 1981 584 2042 states
600 1976 772 2062 revolting
787 1977 853 2041 and
868 1975 1019 2055 reduced,
1035 1998 1087 2042 see
1102 1986 1169 2041 111.
1188 1979 1294 2061 4011]

189 2109 243 2162 62.
266 2097 368 2162 Thuc.
390 2098 409 2162 i.
429 2117 480 2183 97,
497 2099 548 2184 98.
564 2119 658 2182 4-99.

189 2229 242 2283 66.
265 2218 365 2284 Thuc.
383 2219 405 2283 i.
424 2221 473 2283 18.
491 2240 583 2306 3-19.
604 2242 630 2285 1.

188 2350 243 2405 64.
267 2340 368 2405 Thue.
385 2340 407 2403 i.
426 2361 497 2419 141.
515 2344 544 2406 6.

188 2473 241 2526 65.
265 2461 365 2526 Thuc.
381 2462 428 2525 vi.
449 2463 498 2543 76.
515 2483 544 2547 3,
560 2483 590 2540 4.

187 2594 241 2648 66.
263 2582 365 2648 Τλαο.
382 2583 430 2647 iii.
451 2604 499 2649 10.
516 2603 611 2668 3-11.

188 2716 240 2770 67.
266 2699 381 2793 [Xon]
397 2704 493 2790 Resp.
506 2703 585 2769 ΑύΙι.
598 2705 633 2768 ii.
646 2723 684 2769 νε
706 2709 781 2771 Τοῖς
795 2706 851 2783 μέν
866 2704 942 2770 κατὰ
959 2709 1017 2790 γῆν
1032 2707 1210 2789 ἀρχομένοις
1226 2708 1293 2771 οῐόν

143 2808 170 2871 τ’
187 2809 273 2874 ἐστὶν
295 2812 328 2874 έκ
350 2815 463 2892 μικρῶν
486 2811 606 2874 πόλεων
629 2811 874 2876 συνοικισθέντος
896 2812 1022 2892 ἀθρόους
1045 2811 1206 2894 μάχεσθαι·
1231 2815 1294 2877 τοῖς

143 2915 177 2976 δὲ
192 2916 267 2976 κατὰ
282 2912 434 2979 θάλατταν
448 2913 634 2997 ἀρχομένοις,
652 2916 722 2979 ὅσοι
742 2917 890 2993 νησιῶταί
909 2918 997 2989 εἰσιν,
1015 2916 1070 2998 οὐχ
1085 2916 1151 2980 οἶόν
1168 2941 1201 2979 τε
1221 2941 1293 2980 συν·

144 3018 272 3096 άρασθαι
293 3019 336 3084 είς
353 3024 388 3081 τδ
409 3019 480 3082 αῦτδ
503 3021 556 3084 τδς
575 3020 690 3084 πόλεις.
735 3019 827 3101 ήγὰρ
843 3019 979 3084 θάλαττα
994 3022 1027 3086 έν
1041 3021 1083 3105 τῷ
1096 3021 1189 3105 μέσῳ·
1213 3021 1242 3083 οἱ
1261 3022 1294 3084 δὲ

143 3128 318 3203 κρατοῦντες
340 3121 611 3203 θαλαττοκράτορές
631 3125 719 3187 εἰσιν·
744 3125 770 3187 εί
794 3123 818 3187 δ’
840 3125 906 3188 οἶόν
928 3151 962 3190 τε
985 3126 1033 3189 καὶ
1055 3130 1161 3190 λαθεῖν
1185 3131 1293 3188 συνελ-

142 3231 248 3291 θοῦσιν
264 3228 307 3293 εἰς
322 3225 411 3290 ταύτὸ
426 3230 489 3292 τοῖς
505 3227 665 3304 νησιώταις
681 3230 724 3294 είς
738 3229 810 3307 μίαν
826 3231 929 3308 νῆσον,
949 3232 1133 3294 ἀπολοῦνται
1150 3226 1237 3315 λιμῷ.

187 3359 241 3411 68.
265 3346 363 3412 Diod.
387 3347 432 3412 xi.
458 3363 509 3430 70.
534 3367 572 3432 3:
604 3351 745 3413 Καθόλου
767 3352 824 3432 γδρ
847 3348 897 3414 έπὶ
919 3350 1004 3415 πολδ
1022 3349 1058 3437 τῇ
1076 3351 1198 3431 δυνάμει
1221 3375 1293 3431 προ-

143 3455 302 3519 κόπτοντες
318 3451 416 3516 οὐκέτι
435 3457 496 3519 τοῖς
513 3451 684 3536 συμμάχοις
705 3455 808 3536 ὥσπερ
832 3455 976 3536 πρότερον
994 3457 1133 3521 ἐπιεικῶς
1149 3457 1293 3537 έχρῶντο,

142 3557 224 3622 ἀλλὰ
249 3558 359 3637 βιαίως
386 3558 434 3621 καὶ
460 3556 660 3640 ὑπερηφάνως
686 3557 789 3641 ἦρχον.
834 3553 882 3644 (4)
914 3559 1017 3638 διόπερ
1041 3560 1071 3622 οἱ
1097 3557 1209 3622 πολλοὶ
1233 3564 1292 3622 τῶν

142 3660 309 3745 συμμάχων
330 3661 386 3741 τὴν
407 3661 562 3743 βαρύτητα
585 3663 690 3744 φέρειν
713 3664 924 3728 ἀδυνατοῦντες
944 3660 1093 3740 ἀλλήλοις
1118 3662 1292 3745 διελέγοντο

141 3765 209 3846 περὶ
233 3764 442 3844 ἀποστάσεως,
459 3766 511 3830 καί
530 3790 609 3832 τινες
631 3771 685 3829 τοῦ
707 3770 808 3832 κοινοῦ
832 3767 988 3848 συνεδρίου
1008 3766 1292 3849 καταφρονήσαντες

143 3869 206 3933 κατ’
221 3871 301 3935 ίδίαν
316 3869 486 3935 ἐτάττοντο.

185 4003 242 4056 69.
264 3990 352 4057 Plut.
364 3989 441 4054 Cim.
455 4011 490 4054 11
506 4014 513 4055 ε
536 3988 623 4055 Ἐπεὶ
635 3991 660 4056 δ’
672 3993 701 4055 οἱ
714 3990 869 4075 σύμμαχοι
884 3991 953 4058 τοὺς
965 3993 1077 4074 φόρους
1092 3993 1148 4073 μὲν
1159 3993 1293 4070 ἐτέλουν,

141 4096 250 4176 ἀνδρας
271 4098 304 4160 δέ
325 4091 374 4158 καὶ
393 4100 465 4163 ναῦς
485 4095 525 4161 ὡς
545 4093 719 4178 ἐτάχθησαν
736 4097 771 4160 ού
793 4100 948 4177 παρεῖχον,
966 4095 1037 4159 ἀλλ’
1053 4097 1293 4179 ἀπαγορεύοντες

140 4199 196 4280 ἤδη
217 4207 291 4283 πρὸς
312 4205 366 4268 τὰς
387 4204 557 4282 στρατείας,
578 4203 627 4265 καὶ
647 4204 780 4281 πολέμου
800 4205 856 4282 μέν
878 4204 962 4267 οὐδέν
982 4204 1127 4283 δεόμενοι,
1148 4209 1293 4286 γεωργεῖν

141 4307 174 4370 δέ
189 4305 239 4370 καὶ
254 4308 308 4386 ζήν
324 4307 387 4370 καθ’
404 4306 536 4389 ἡσυχίαν
552 4308 775 4388 ἐπιθυμοῦντες,
791 4309 1036 4390 ἀπηλλαγμένων
1050 4313 1110 4372 τῶν
1124 4308 1293 4389 βαρβάρων
1399 4343 1404 4351 ·

141 4408 189 4475 καὶ
204 4411 245 4492 μὴ
260 4411 475 4495 διοχλούντων,
487 4411 555 4476 οὔτε
571 4412 624 4478 τὰς
639 4417 709 4478 ναῦς
725 4411 874 4493 ἐπλήρουν
889 4409 949 4476 οὔτ’
964 4412 1074 4493 ἄνδρας
1089 4410 1291 4485 ἀπέστελλον,

141 4517 170 4580 οἱ
184 4517 240 4598 μέν
255 4515 346 4580 ἄλλοι
367 4516 532 4600 στρατηγοὶ
551 4523 610 4583 τῶν
626 4514 793 4598 Ἀθηναίων
813 4515 1062 4600 προσηνάγκαζον
1077 4515 1181 4582 αὐτοὺς
1198 4521 1291 4580 ταῦτα
