3000 5046
211 362 272 404 210
439 347 526 405 THE
550 347 784 406 ATHENIAN
809 347 1131 408 CONSTITUTION.
1250 358 1360 427 [om.

212 546 339 627 έγείρειν
357 546 596 627 ἀριστοκρατίαν,
613 546 768 624 κατεβόων
789 543 1004 624 συνιστάμενοι
1019 542 1068 608 καί
1083 551 1136 610 τδν
1151 546 1244 622 δῆμον
1259 543 1362 626 ἐξηρέ-

212 649 305 728 θιζον,
322 648 422 714 έκεῖνά
443 675 478 714 τε
499 652 537 712 τὰ
556 655 628 729 πρὸς
647 648 701 727 τὴν
719 648 856 729 ἀδελφὴν
872 649 1082 724 ἀνανεούμενοι
1098 650 1147 714 καί
1162 648 1363 727 Λακωνισμὸν

212 753 436 820 ἐπικαλοῦντες.
482 755 526 820 εἰς
540 753 560 817 ἀ
576 755 625 818 καί
641 755 679 816 τά
695 752 867 820 Εὐπόλιδος
885 754 1113 835 διατεθρύληται
1130 751 1198 836 περὶ
1214 754 1361 832 Κίμωνος,

211 857 259 922 ὅτι
408 943 507 1013 Κακδς
530 946 586 1026 μὲν
608 944 660 1009 οὐκ
685 943 730 1023 ήν,
754 944 924 1023 φιλοπότης
946 947 979 1008 δὲ
1002 942 1144 1024 κάμελής·

408 1047 518 1113 κάνίοτ’
541 1047 579 1112 ἀν
601 1048 775 1128 ἀπεκοιμᾶτ’
797 1048 835 1112 δν
858 1050 890 1112 έν
914 1052 1112 1128 Λακεδαίμονι

406 1151 461 1218 κάν
482 1151 663 1231 Ἐλπινίκην
684 1151 772 1231 τήνδε
795 1153 969 1217 καταλιπὼν
990 1153 1095 1233 μόνην.

212 1259 239 1322 εἰ
258 1257 283 1323 δ’
298 1257 419 1338 ἀμελῶν
444 1258 492 1322 καί
515 1258 739 1337 μεθυσκόμενος
759 1257 908 1322 τοσαύτας
928 1255 1035 1322 πόλεις
1056 1257 1121 1320 εἰλε
1143 1257 1192 1321 καί
1213 1256 1363 1322 τοσαύτας

212 1363 294 1428 νίκας
321 1362 453 1439 ένίκησε,
478 1365 573 1440 δῆλον
596 1362 643 1426 ότι
670 1361 821 1442 νήφοντος
850 1362 939 1425 αὐτοῦ
966 1361 1014 1424 καὶ
1038 1361 1244 1444 προσέχοντος
1267 1358 1363 1427 οὐδεὶς

212 1466 250 1530 δν
280 1464 348 1529 οὐτε
373 1472 434 1531 τῶν
459 1467 605 1546 πρότερον
631 1464 699 1530 οὐτε
725 1470 785 1529 τῶν
811 1465 938 1547 ύστερον
962 1463 1120 1541 Ἑλλήνων
1146 1467 1283 1546 παρῆλθε
1308 1463 1363 1531 τὰς

211 1567 345 1652 πράξεις.

255 1671 325 1759 (16)
343 1671 408 1738 Ἦν
424 1674 482 1754 μὲν
502 1673 554 1739 οὐν
569 1673 619 1740 ἀπ’
637 1675 730 1757 ἀρχῆς
748 1671 936 1755 φιλολάκων·
979 1674 1028 1737 καί
1043 1678 1103 1738 τῶν
1117 1698 1154 1752 γε
1168 1673 1285 1738 παίδων
1302 1678 1363 1737 τῶν

212 1778 342 1857 διδύμων
364 1777 416 1842 τδν
438 1778 541 1858 ἕτερον
555 1779 793 1857 Λακεδαιμόνιον
815 1777 966 1859 ὠνόμασε,
990 1777 1043 1842 τὸν
1065 1774 1090 1841 δ’
1105 1777 1208 1857 ἕτερον
1222 1776 1363 1856 Ἠλεῖον,

213 1882 245 1946 έκ
268 1887 407 1964 γυναικὸς
430 1882 509 1967 αὐτῷ
534 1884 709 1964 Κλειτορίας
732 1882 917 1964 γενομένους,
933 1881 972 1948 ῶς
990 1883 1218 1963 Στησίμβροτος
1239 1883 1363 1962 ίστορεῖ·

212 1990 258 2050 διδ
287 1985 437 2053 πολλάκις
466 1992 518 2052 τδν
544 1985 697 2068 Περικλέα
722 1992 756 2050 τδ
786 1985 923 2071 μητρῷον
952 1985 1052 2052 αὐτοῖς
1081 1984 1168 2067 γένος
1197 1985 1364 2063 ὀνειδίζειν.

214 2088 365 2171 Διόδωρος
391 2093 415 2154 δ’
441 2091 458 2153 δ
485 2091 676 2172 Περιηγητὴς
702 2090 750 2153 καὶ
776 2091 898 2156 τούτους
923 2091 1001 2170 φησὶ
1026 2089 1075 2152 καὶ
1100 2088 1153 2152 τὸν
1176 2090 1276 2169 τρίτον
1302 2096 1365 2154 τῶν

213 2194 350 2271 Κίμωνος
373 2195 447 2259 υἱῶν
470 2197 637 2259 Θεσσαλὸν
659 2191 696 2272 ἐξ
706 2191 856 2271 Ἰσοδίκης
878 2192 1035 2276 γεγονέναι
1057 2194 1110 2269 τῆς
1131 2191 1364 2272 Εὐρυπτολέμου

215 2302 267 2361 τοῦ
290 2295 494 2377 Μεγακλέους.
538 2294 651 2376 ηὐξήθη
674 2293 701 2360 δ’
715 2297 773 2360 ὐπὸ
794 2304 856 2361 τῶν
872 2298 1114 2375 Λακεδαιμονίων
1132 2293 1187 2374 ήδη
1206 2295 1246 2380 τῷ
1267 2299 1364 2377 Θεμι·

214 2405 339 2464 στοκλεῖ
355 2402 649 2482 προσπολεμούντων
667 2401 717 2464 καὶ
734 2405 840 2465 τοῦτον
860 2403 933 2464 ὄντα
951 2401 1021 2467 νέον
1038 2402 1071 2464 έν
1085 2397 1227 2478 Ἀθήναις
1241 2403 1365 2478 μᾶλλον

216 2503 333 2587 ἰσχύειν
354 2505 402 2566 καὶ
426 2508 544 2584 κρατεῖν
562 2503 770 2584 βουλομένων.
824 2506 852 2568 οἰ
868 2503 894 2569 δ’
909 2504 1065 2582 Ἀθηναῖοι
1079 2503 1114 2566 τδ
1130 2509 1246 2584 πρῶτον
1266 2502 1362 2581 ἡδέως

214 2606 313 2686 έῶρων
339 2608 373 2672 οὐ
398 2606 488 2687 μικρά
513 2610 565 2685 τῆς
591 2613 666 2687 πρὸς
695 2609 811 2671 ἐκεῖνον
840 2607 955 2673 εὐνοίας
977 2613 1036 2671 τῶν
1063 2611 1258 2687 Σπαρτιατῶν
1285 2607 1363 2670 ἀπο·

213 2710 369 2778 λούοντες·
398 2707 611 2792 αὐξανομένοις
632 2714 690 2794 γὰρ
713 2711 812 2777 αὐτοῖς
839 2710 902 2774 κατ’
928 2711 1024 2795 ἀρχὰς
1051 2711 1099 2774 καί
1125 2713 1163 2773 τδ
1189 2710 1364 2793 συμμαχικὰ

214 2819 521 2896 πολυπραγμονοῦσιν
544 2816 595 2879 οὐκ
617 2812 749 2897 ήχθσντο
772 2810 842 2899 τιμῇ
863 2812 912 2879 καί
933 2813 1035 2898 χάριτι
1058 2818 1110 2877 τοῦ
1134 2816 1280 2895 Κίμωνος.
1324 2813 1363 2878 τά

213 2917 270 3000 γὰρ
286 2922 418 2982 πλεῖστα
433 2917 470 2982 δι’
486 2918 598 2983 ἐκείνου
613 2924 673 2981 τῶν
687 2917 877 2997 Ἑλληνικῶν
891 2916 1093 2999 διεπράττετο,
1115 2916 1217 3002 πρᾴως
1230 2922 1287 2997 μὲν
1301 2920 1365 2982 τοῖς

214 3021 393 3104 συμμάχοις,
410 3023 632 3106 κεχαρισμένως
651 3025 682 3087 δέ
694 3027 757 3089 τοῖς
770 3023 1018 3102 Λακεδαιμονίοις
1033 3024 1216 3100 ὁμιλοῦντος.
1258 3022 1364 3086 έπειτα

213 3125 408 3206 δυνατότεροι
430 3125 586 3207 γενόμενοι
610 3123 658 3190 καί
679 3131 733 3190 τὸν
748 3127 872 3207 Κίμωνα
894 3131 958 3192 τοῖς
974 3123 1174 3208 Σπαρτιάταις
1196 3126 1248 3190 οὐκ
1269 3123 1364 3206 ἠρέμα

213 3228 435 3309 προσκείμενον·
446 3229 573 3310 ὁρῶντες
592 3227 731 3312 ήχθοντο.
777 3229 825 3292 καὶ
840 3228 898 3310 γὰρ
913 3228 1000 3295 αὐτὸς
1016 3226 1065 3293 έπί
1080 3230 1170 3293 παντὶ
1184 3229 1364 3311 μεγαλύνων

212 3332 268 3413 τήν
290 3333 498 3413 Λακεδαίμονα
520 3338 593 3413 πρὸς
606 3330 794 3411 Ἀθηναίους,
821 3333 869 3397 καί
894 3332 1029 3412 μάλιστα
1057 3335 1107 3398 ὅτε
1134 3333 1220 3415 τύχοι
1242 3332 1363 3413 μεμφό-

212 3462 302 3516 μενος
320 3436 420 3504 αὐτοῖς
442 3434 461 3516 ἢ
485 3435 670 3518 παροξύνων,
692 3439 732 3503 ὥς
755 3445 833 3515 φησι
860 3438 1100 3519 Στησίμβροτος,
1126 3438 1224 3501 εἰιύθει
1249 3438 1362 3520 λέγειν·

211 3545 233 3574 “
246 3539 315 3603 ἀλλ’
335 3540 370 3604 οὐ
392 3540 622 3621 Λακεδαιμόνιοί
642 3568 678 3623 γε
701 3540 858 3608 τοιοῦτοι.”
904 3544 973 3606 ὅθεν
995 3543 1111 3622 φθόνον
1131 3542 1225 3625 ἑαυτῷ
1249 3543 1364 3623 συνῆγε

215 3641 263 3708 καί
278 3643 457 3723 δυσμένειάν
473 3670 540 3708 τινα
555 3644 634 3725 παρὰ
650 3650 710 3709 τῶν
724 3650 867 3710 πολιτῶν.
912 3644 930 3724 ῆ
946 3643 972 3709 δ’
986 3644 1039 3710 οὐν
1056 3645 1212 3726 ἰσχύσασα
1226 3643 1364 3724 μάλιστα

214 3746 277 3810 κατ’
294 3748 383 3813 αὐτοῦ
397 3756 458 3813 τῶν
473 3752 630 3823 διαβολῶν
645 3747 742 3811 αἰτίαν
757 3747 833 3832 έσχε
849 3746 1102 3829 τοιαύτηιι-ὃθθ
1117 3757 1198 3812 VII.
1216 3758 1269 3813 64.

566 3945 791 4013 Βαιιύιίιιιιοιιί
813 3947 852 4033 of
868 3947 1009 4013 Κίοιοιι.

259 4095 311 4149 83.
334 4084 419 4150 Plut.
436 4084 511 4149 Per.
531 4105 571 4169 9:
597 4086 654 4150 Διδ
679 4083 727 4149 καί
752 4091 876 4166 μᾶλλον
899 4088 1030 4171 ἰσχύσας
1055 4089 1072 4151 ό
1095 4092 1248 4170 Περικλῆς
1271 4089 1304 4153 έν
1321 4088 1365 4172 τῷ

213 4187 297 4273 δήμῳ
329 4191 551 4253 κατεστασίασε
580 4191 634 4268 τῆν
663 4189 790 4270 βουλήν,
816 4192 896 4255 ὥστε
921 4193 976 4271 τὴν
1003 4196 1059 4272 μὲν
1085 4193 1284 4270 ἀφαιρεθῆναι
1310 4193 1365 4259 τδς

215 4294 361 4357 πλείστας
378 4294 491 4373 κρίσεις
506 4291 544 4357 δι’
559 4292 738 4376 Ἐφιάλτου,
755 4296 877 4376 Κίμωνα
893 4293 973 4362 δ’ὡς
989 4295 1187 4376 φιλολάκωνα
1206 4292 1255 4359 καί
1274 4296 1363 4373 μισό-

214 4401 310 4474 δημον
327 4393 605 4475 ἐξοστρακισθῆναι,
618 4400 739 4484 πλούτῳ
749 4400 805 4479 μὲν
817 4396 865 4462 καί
876 4398 957 4482 γένει
972 4405 1099 4478 μηδενὸς
1110 4399 1365 4479 ἀπολειπόμενον,

213 4501 298 4566 νίκας
313 4504 345 4566 δέ
360 4501 527 4569 καλλίστας
544 4503 716 4582 νενικηκότα
732 4502 799 4569 τοὺς
814 4503 991 4585 βαρβάρους
1003 4505 1051 4567 καὶ
1063 4502 1225 4587 χρημάτων
1236 4508 1365 4568 πολλῶν
