3000 5046
228 363 289 444 306
389 363 559 425 SPARTA
592 364 686 424 AND
710 362 1056 424 PELOPONNESOS.
1130 373 1192 440 [clx
1204 374 1277 423 vn.
1288 375 1393 425 91-91.

447 608 511 675 The
534 608 661 675 Ατίίοίιι
682 608 868 694 Employod
889 629 936 674 οτι
957 607 1009 674 tlte
1031 606 1171 692 Temple.

720 753 894 821 Ρίιοίάίαο.

273 912 322 967 91.
346 901 443 968 Paua.
459 925 491 968 v.
511 923 561 969 10.
579 922 616 969 2:
641 903 764 969 Φειδίαν
783 906 815 969 δέ
830 907 883 968 τὸν
898 901 1104 984 ἐργασάμενον
1118 906 1153 964 τδ
1167 899 1292 983 άγαλμα
1307 900 1393 966 εἶναι

229 1004 278 1072 καὶ
300 1005 473 1091 ἐπίγραμμά
495 1010 582 1073 ἐστιν
604 1008 633 1074 ἐς
655 1007 817 1089 μαρτυρίαν
838 1007 897 1071 ὑπὸ
919 1010 972 1070 τοῦ
996 1012 1070 1073 Διδς
1091 1005 1300 1089 γεγραμμένον
1322 1010 1391 1072 τοῖς

229 1110 317 1174 ποσί·
340 1110 463 1177 Φειδίας
484 1111 634 1193 Χαρμίδου
652 1113 716 1178 υίδς
737 1110 897 1191 Ἀθηναῖος
916 1108 948 1192 μ’
970 1108 1104 1190 ἐποίησε.
1150 1106 1201 1174 Cf.
1222 1104 1307 1174 ibid.
1335 1128 1390 1176 11.

231 1233 314 1277 1-10
324 1239 334 1292 ;
365 1229 461 1298 15.1.

272 1344 328 1400 92.
351 1333 461 1399 Stmb.
480 1331 551 1397 viii.
576 1351 604 1399 υ.
628 1353 671 1419 30
693 1331 806 1421 (353):
840 1330 998 1416 Μέγιστον
1019 1336 1052 1398 δέ
1073 1332 1187 1398 τούτων
1207 1330 1322 1413 ὑπῆρξε
1351 1341 1389 1399 τὸ

228 1443 280 1502 τοῦ
297 1438 372 1506 Διὸς
394 1437 512 1518 ξόανον,
530 1436 547 1502 δ
569 1438 663 1504 ἐποίει
684 1440 808 1506 Φειδίας
829 1438 982 1520 Χαρμίδου
996 1437 1157 1517 Ἀθηναῖος
1180 1435 1389 1520 ἐλεφάντινον

229 1550 315 1608 κ.τ.λ.

734 1668 876 1735 Κοίοίοο.

271 1818 325 1873 98.
348 1805 434 1871 Plin.
450 1805 494 1874 N.
511 1805 555 1871 H.
571 1828 674 1872 xxxv.
693 1809 723 1872 8.
735 1822 798 1890 54:
822 1807 907 1872 Cum
925 1856 932 1870 .
949 1856 956 1872 .
974 1857 981 1874 .
996 1813 1168 1894 praeterea
1181 1805 1219 1871 in
1233 1805 1388 1875 oonfesso

227 1911 272 1976 sit
286 1910 411 1976 LXXX
431 1910 533 1977 tertia
553 1909 657 1978 fuisse
674 1911 860 1998 (pictorem)
877 1911 1012 1977 fratrem
1028 1910 1100 1976 eius
1115 1907 1280 1997 (Phidiae)
1294 1910 1386 1976 Pan·

226 2035 357 2094 venum,
373 2014 431 2101 qui
447 2014 591 2100 clipeum
606 2015 699 2080 intus
719 2013 833 2101 pinxit
847 2014 942 2081 Elide
957 2013 1126 2081 Minervae
1142 2035 1243 2100 quam
1258 2013 1388 2081 fecerat

226 2116 359 2184 Colotes
386 2117 571 2204 discipulus
596 2118 734 2185 Phidiae
763 2124 799 2184 eb
828 2119 859 2184 oi
885 2117 922 2185 in
945 2118 1096 2186 faciendo
1117 2117 1199 2184 Iove
1220 2116 1387 2205 Olympio

225 2221 367 2288 adiutor.

270 2352 326 2407 94.
348 2340 437 2407 [bid.
462 2341 580 2408 xxxiv.
608 2344 637 2406 8.
666 2345 729 2425 87:
761 2342 904 2418 colotes,
932 2343 990 2430 qui
1016 2363 1093 2409 eum
1119 2340 1240 2406 Phidia
1265 2340 1387 2408 Iovem

226 2444 421 2532 Olympium
436 2445 566 2527 fecerat,
582 2445 796 2533 philosophos
811 2444 926 2535 (feeit).

553 2657 723 2727 Ραίοιυίοο
744 2659 818 2726 and
840 2659 1051 2726 Αίδαιηοαοο.

270 2807 324 2862 95.
347 2795 444 2861 Paus.
460 2817 493 2862 v.
513 2815 564 2864 10.
585 2798 624 2860 8:
657 2796 705 2862 Τὰ
728 2800 783 2878 μὲν
805 2798 841 2877 δὴ
863 2800 1035 2880 ἔμπροσθεν
1058 2800 1174 2864 ἐντοῖς
1197 2798 1296 2864 άετοῖς
1313 2798 1385 2864 ἐστὶ

226 2899 387 2976 Παιωνίου,
412 2898 501 2982 γένος
528 2901 561 2964 ἐκ
585 2897 707 2980 Μένδης
739 2902 792 2980 τῆς
819 2902 962 2987 Θρᾳκίας,
993 2905 1031 2965 τὰ
1060 2905 1092 2968 δὲ
1123 2904 1252 2967 ὄπισθεν
1280 2902 1384 2968 αὐτῶν

225 3003 429 3083 Ἀλκαμένους
451 3002 558 3086 ἀνδρὸς
579 3002 701 3082 ἡλικίαν
723 3029 756 3069 τε
778 3007 854 3068 κοτδ
868 3007 993 3071 Φειδίαν
1016 3002 1064 3069 καὶ
1084 3008 1234 3088 δευτερεῖα
1256 3007 1383 3089 ἐνεγκα-

224 3104 316 3185 μένου
332 3104 445 3186 σοφίας
462 3107 492 3172 ἐς
508 3106 632 3185 ποίησιν
647 3104 838 3189 ἀγαλμάτων.

703 3317 895 3384 Panaima.

271 3467 325 3522 96.
349 3455 445 3520 Paua.
462 3476 495 3519 V.
513 3474 562 3521 11.
577 3469 615 3538 5:
639 3456 760 3520 Τούτων
780 3464 840 3522 τῶν
861 3457 1014 3541 ἐρυμάτων
1034 3459 1109 3524 ὅσον
1130 3461 1185 3541 μέν
1208 3457 1261 3524 οὖν
1283 3459 1381 3524 ἀπαν-

225 3563 308 3644 τικρὺ
328 3564 388 3625 τῶν
408 3563 503 3643 θυρῶν
523 3563 618 3639 ἐστιν,
636 3559 800 3639 άλήλιπται
824 3563 920 3647 κυανῷ
940 3563 1042 3641 μόνον,
1062 3562 1099 3627 τὰ
1120 3564 1152 3628 δέ
1170 3560 1265 3626 λοιπά
1280 3563 1380 3630 αὐτῶν

225 3664 389 3745 παρέχεται
400 3663 553 3729 Παναίνου
567 3662 696 3746 γραφάς.
712 3713 720 3729 .
737 3712 745 3728 .
763 3711 770 3727 .
786 3659 835 3750 (6)
851 3663 1004 3732 Πάναινος
1018 3667 1074 3746 μὲν
1089 3666 1125 3745 δὴ
1141 3666 1227 3734 οὗτος
1243 3667 1380 3748 ἁδελφός

225 3793 257 3833 τε
283 3767 320 3848 ἦν
339 3768 469 3845 Φειδίου,
494 3768 544 3831 καὶ
567 3766 657 3831 αὐτοῦ
688 3764 736 3832 καὶ
757 3767 922 3847 Ἀθήνησιν
944 3771 976 3834 ἐν
1001 3770 1130 3857 Ποικίλῃ
1152 3771 1188 3835 τδ
1210 3774 1379 3854 Μαραθῶνι

226 3872 315 3955 έργον
329 3873 396 3937 ἐστι
410 3869 625 3955 γεγραμμένον.

270 4002 324 4058 97.
348 3991 455 4056 Strab.
474 3989 544 4055 viii.
569 4009 598 4058 υ.
622 4009 664 4075 30
685 3987 793 4079 (354):
825 3992 937 4058 Πολλὰ
958 3998 991 4059 δέ
1015 3993 1182 4075 συνέπραξε
1204 3996 1246 4081 τῷ
1270 3999 1379 4082 Φειδία

227 4093 378 4161 Πάναινος
394 4096 411 4158 δ
428 4094 595 4177 ζωγράφος,
612 4096 793 4177 άδελφιδοΰς
812 4095 855 4160 δν
874 4097 964 4162 αὐτοῦ
980 4095 1029 4162 καὶ
1045 4098 1286 4182 συνεργολάβος,
1303 4105 1378 4180 πρὸς

208 4199 282 4279 ’τὴν
292 4202 346 4263 τοῦ
361 4196 470 4276 ξοάνου
481 4197 531 4262 διά
545 4205 605 4264 τῶν
615 4199 783 4283 χρωμάτων
794 4200 944 4281 κόσμησιν
956 4199 1004 4265 καὶ
1019 4201 1154 4282 μάλιστα
1169 4203 1223 4280 τῆς
1240 4204 1378 4282 ἐσθῆτος.

226 4302 393 4369 δείκνυνται
414 4304 448 4367 δέ
471 4298 519 4366 καὶ
542 4302 657 4385 γραφαὶ
683 4304 800 4367 πολλαί
824 4330 857 4370 τε
884 4301 932 4368 καί
956 4303 1125 4384 θαυμασταὶ
1148 4301 1216 4386 περὶ
1240 4311 1274 4368 τδ
1298 4307 1380 4388 ἱερὸν

227 4404 342 4473 ἐκείνου
355 4402 438 4489 έργα.
