3000 5046
197 365 258 427 263
610 363 944 423 BIOGRAPHICAL.
1224 368 1355 434 [crau

198 566 319 644 ροθντα,
344 565 418 626 ποτὲ
448 565 479 627 δὲ
510 563 603 641 μόνον
629 563 661 624 ἑκ
687 562 823 640 κεφαλῆς
854 560 1065 621 ἑνδεκακλίνου
1095 556 1227 639 θόρυβον
1256 553 1356 617 πολδυ

197 662 443 744 δξανατίλλειν·”
489 666 506 728 ό
532 661 557 728 δ’
586 663 719 730 Εὔπολις
745 665 777 728 ἐν
801 666 864 728 τοῖς
892 659 1008 740 Δήμοις
1034 659 1256 736 πυνθανόμενος
1283 657 1355 738 περὶ

198 766 328 833 ἑκάστου
357 772 418 833 τῶν
443 769 682 847 ἀναβεβηκότων
711 764 747 846 ἔξ
769 765 841 851 ᾅδου
869 769 1063 848 δημαγωγῶν,
1089 763 1128 830 ὡς
1156 765 1173 825 ὁ
1200 763 1355 843 Περικλῆς

198 871 360 952 ὧνομάσθη
379 877 562 939 τελευταῖος·

416 986 434 1047 ό
449 1011 478 1049 τι
493 1011 550 1065 περ
566 986 736 1065 κεφάλαιον
751 989 811 1048 τῶν
826 981 959 1047 κάτωθεν
974 981 1095 1065 ἤγαγες.

245 1147 297 1202 87.
321 1136 402 1201 Hdt.
420 1137 465 1201 vi.
486 1156 557 1222 131.

243 1301 299 1355 88.
322 1290 379 1355 Ar.
396 1291 458 1376 sq.
478 1294 582 1377 1036:

200 1397 353 1458 ΚΛΕΩΝ.
375 1393 420 1458 Ὠ
442 1400 506 1472 τᾶν,
530 1396 670 1472 δκουπου,
693 1395 759 1460 εῖτα
782 1393 933 1478 διάκρινον
955 1396 1034 1458 τότε.

382 1501 449 1564 ἔστι
472 1498 555 1580 γυνή,
578 1498 658 1580 τέξει
680 1504 712 1566 δὲ
736 1499 836 1566 λέονθ’
861 1502 953 1583 ίεραῖς
977 1501 1010 1564 ἐν
1031 1496 1185 1576 Ἀθήναις,

372 1603 404 1670 δς
428 1607 571 1689 περὶτοῦ
594 1603 688 1685 δήμου
710 1609 840 1692 πολλοῖς
863 1605 987 1686 κώνωψι
1008 1606 1161 1686 μαχεῖται,

372 1708 453 1771 ὥστε
475 1709 543 1791 περὶ
566 1707 726 1788 σκύμνοισι
748 1708 901 1788 βεβηκός
926 1714 979 1771 τὸν
1001 1707 1040 1770 σὺ
1061 1706 1213 1786 φύλασσε,

373 1816 474 1894 τεῖχος
498 1811 630 1889 ποιήσας
653 1810 775 1891 ξύλινον
797 1812 927 1895 πύργους
949 1837 983 1876 τε
1007 1813 1157 1891 σιδηροῦς.

243 1993 299 2048 89.
322 1981 409 2046 Plus.
422 1981 497 2046 Per.
512 1998 529 2064 7
546 2007 553 2047 :
575 1979 614 2045 ‘O
631 1986 662 2047 δὲ
677 1983 828 2066 Περικλῆς
843 1982 909 2048 νέος
925 1985 981 2060 μὲν
996 1980 1037 2046 ὢν
1053 1981 1175 2061 σφόδρα
1192 1984 1244 2044 τδν
1259 1980 1354 2058 δῆμον

198 2088 372 2167 εὐλαβεῖτο.
419 2085 468 2150 καὶ
501 2090 559 2168 γὰρ
591 2087 689 2150 ε’δόκει
727 2086 942 2171 Πεισιστράτῳ
973 2086 1015 2170 τῷ
1044 2083 1176 2168 τυράννῳ
1206 2088 1240 2146 τδ
1274 2081 1354 2149 εἶδος

198 2191 330 2274 ἐμφερὴς
353 2190 443 2268 εἶναι,
460 2189 515 2268 τήν
539 2217 570 2255 τε
591 2189 696 2270 φωνῆυ
718 2189 821 2269 ῆδεῖαν
842 2190 936 2255 οὖσαν
958 2190 1049 2253 αὐτοῦ
1072 2186 1120 2252 καὶ
1142 2187 1198 2267 τὴν
1212 2191 1354 2268 γλῶτταν

198 2294 344 2377 εὔτροχον
360 2297 393 2359 ἐν
408 2297 450 2379 τῷ
467 2294 662 2375 διαλέγεσθαι
678 2291 727 2357 καὶ
743 2299 869 2378 ταχεῖαν
881 2297 910 2358 οἶ
923 2295 1044 2378 σφόδρα
1055 2291 1193 2374 γέροντες
1204 2288 1353 2370 ἐξεπλήτ-

199 2422 288 2462 τοντο
310 2403 384 2480 πρδς
407 2398 462 2476 τὴν
486 2398 656 2477 ὁμοιότητα.
702 2398 835 2461 πλούτου
855 2402 888 2463 δὲ
905 2399 954 2461 καὶ
969 2398 1074 2479 γένους
1090 2396 1256 2479 προσόντος
1272 2393 1352 2479 αὐτῷ

199 2506 341 2582 λαμπροῦ
364 2500 413 2565 καὶ
436 2503 546 2582 φίλων,
562 2501 590 2564 οῖ
613 2507 762 2566 πλεῖστον
785 2501 939 2581 ἠδύναντο,
962 2501 1152 2581 φοβούμενος
1178 2496 1354 2580 ἐξοστρακι-

199 2609 320 2684 σθῆναι,
344 2612 404 2672 τῶν
424 2610 481 2684 μὲν
502 2613 668 2672 πολιτικῶν
693 2608 778 2672 οὐδὲν
801 2608 955 2691 ἔπραττεν,
984 2609 1017 2672 ἐν
1040 2608 1072 2670 δὲ
1092 2610 1158 2672 ταῖς
1181 2605 1353 2688 στρατείαις

197 2709 273 2793 ἀνὴρ
288 2712 400 2792 άγαθδς
420 2709 456 2790 ῆν
473 2711 523 2775 καὶ
539 2712 759 2791 φιλοκίνδυνος.

244 2885 300 2940 80.
336 2872 409 2939 Vel.
444 2872 534 2938 Max.
565 2874 636 2940 viii.
672 2896 702 2959 9.
734 2881 795 2940 act.
831 2894 871 2941 2:
916 2874 1036 2940 Fertur
1070 2871 1217 2958 quidam,
1249 2893 1353 2957 quum

199 2977 382 3044 admodum
427 2999 528 3042 senex
571 2978 698 3063 primae
742 2979 889 3045 contioni
935 2977 1068 3043 Periclis
1112 2976 1353 3040 adulescentuli

197 3081 383 3157 interesset,
420 3079 576 3166 idemque
618 3081 750 3146 iuvenis
792 3082 1004 3147 Pisistratum
1045 3080 1249 3164 decrepitum
1285 3078 1353 3143 iam

199 3184 447 3250 contionantem
484 3184 639 3263 audisset,
676 3207 744 3250 non
787 3192 986 3272 temperasse
1029 3184 1092 3249 sibi
1132 3205 1198 3270 quo
1240 3183 1353 3248 minus

199 3287 403 3354 exclamaret
441 3289 550 3353 caveri
587 3288 685 3352 illum
723 3289 830 3355 civem
867 3296 1025 3376 oportere,
1062 3286 1150 3374 quod
1188 3286 1354 3352 Pisistrati

198 3392 342 3457 orationi
379 3390 552 3456 simillima
588 3392 658 3457 eius
696 3399 782 3458 esset
818 3392 933 3459 oratio.
988 3413 1049 3457 nec
1085 3391 1253 3455 hominem
1293 3397 1353 3455 aut

197 3496 387 3561 aestimatio
409 3495 532 3582 eloquii
554 3502 615 3561 aut
636 3518 766 3562 morum
788 3497 967 3583 augurium
989 3495 1117 3561 fefellit.
1161 3494 1241 3580 quid
1263 3495 1353 3559 enirn

196 3597 285 3663 inter
300 3597 515 3663 Pisistratum
534 3607 568 3663 et
583 3599 730 3664 Periclen
749 3599 915 3677 interfuit,
931 3600 995 3664 nisi
1012 3598 1101 3686 quod
1121 3597 1177 3662 ille
1192 3604 1352 3675 armatus,

197 3699 253 3768 hic
268 3701 339 3767 sine
354 3701 456 3767 armis
472 3701 684 3788 tyrannidem
701 3704 826 3790 gessit'l

326 3967 526 4053 Βορίηηίιιρ
548 3966 587 4053 of
604 3967 657 4034 δύο
679 3991 799 4036 career.
861 3970 983 4037 Attocle
1006 3992 1052 4036 ou
1075 3970 1219 4036 Κύδνου.

242 4146 290 4202 ιι.
316 4133 452 4225 [Aras]
469 4137 565 4223 sap.
582 4136 659 4203 λιν.
676 4157 726 4221 27.

242 4284 297 4340 92.
321 4273 408 4338 Plus.
425 4275 502 4340 Per.
523 4297 578 4341 10:
597 4276 661 4344 Ἦν
675 4279 730 4358 μὲν
745 4281 803 4362 γὰρ
818 4281 861 4347 είς
882 4288 942 4346 τῶν
963 4283 1137 4364 κατηγόρων
1158 4281 1174 4343 ὁ
1199 4283 1352 4364 Περικλῆς

196 4379 257 4443 ύπδ
280 4382 333 4442 τοῦ
357 4377 451 4459 δήμου
475 4383 739 4465 προβεβλημένος,
754 4386 903 4463 ἐλθούσης
924 4390 957 4451 δὲ
972 4392 1046 4469 πρδς
1061 4387 1151 4451 αὐτὸν
1174 4388 1226 4464 τῆς
1244 4383 1352 4448 Ἐλπι-

199 4481 282 4562 νίκης
294 4481 343 4546 καὶ
354 4484 497 4567 δεομένης
507 4488 666 4567 μειδιάσας
679 4487 772 4554 εἶπεν
803 4495 819 4525 “
827 4486 872 4552 Ὠ
881 4489 1051 4568 Ἐλπινίκη,
1062 4493 1153 4572 γραῦς
1166 4489 1203 4572 εἶ,
1212 4494 1303 4573 γραῦς
1315 4487 1351 4564 εἴ,
