3000 5046
200 369 260 429 140
410 345 640 413 E‘XTERNAL
668 353 863 414 HISTORY
886 354 943 413 ον
963 354 1147 426 arms,
1210 363 1274 429 [ch.
1287 365 1346 413 m

200 549 320 630 φόβους
333 549 472 627 μαλακὸν
487 550 560 613 ὄντα
575 550 624 614 καὶ
639 552 819 632 καταπλῆγα
832 548 870 613 τὰ
889 548 993 627 πολλὰ
1007 552 1062 629 μὲν
1073 551 1150 614 οἴκοι
1162 548 1350 628 καθέζεσθαι,

199 653 317 735 χαλκῆν
331 653 445 717 ἀσπίδα
463 653 515 729 τῆς
531 655 666 735 κεφαλῆς
681 652 773 717 αὐτοῦ
788 657 870 718 δυεῖν
892 653 1017 719 οίκετιῖν
1036 653 1254 737 ὑπερεχόντων,
1269 653 1351 718 ὥστε

198 758 291 836 μηδέν
313 758 457 835 ἐμπεσεῖν
478 762 538 822 τῶν
560 755 685 833 ἀνωθεν,
702 759 729 821 εί
753 760 786 822 δὲ
808 757 953 837 βιασθείη
976 761 1146 838 προελθεῖν,
1163 758 1195 821 ἐν
1215 755 1350 840 κλινιδίῳ

200 861 357 946 κρεμαστῷ
383 864 464 943 παρὰ
487 860 542 940 τῆν
567 864 626 944 γῆν
647 860 738 939 αύτῆν
763 861 1001 942 περιφερόμενον
1025 860 1201 941 κομίζεσθαι
1228 861 1277 924 καὶ
1300 862 1351 924 διδ

200 968 288 1028 τοῦτο
318 966 464 1044 κληθῆναι
493 965 707 1047 περιφόρητον.
751 962 822 1053 (28)
854 963 950 1049 ἐνάτῳ
980 967 1012 1030 δέ
1042 965 1114 1044 μηνί
1143 972 1204 1029 τιῖν
1229 963 1351 1045 Σαμίων

199 1067 419 1150 παραστάντων
434 1070 451 1132 ὁ
466 1072 618 1150 Περικλῆς
638 1068 676 1133 τὰ
697 1068 782 1151 τείχη
805 1073 928 1133 καθεῖλε
951 1069 1001 1132 καὶ
1023 1071 1077 1134 τὰς
1099 1073 1170 1134 ναῦς
1191 1067 1350 1149 παρέλαβε

200 1173 250 1236 καὶ
271 1171 407 1255 χρήμασι
428 1177 555 1240 πολλοῖς
569 1173 743 1252 ἐζημίωσεν,
758 1175 801 1236 ὥν
815 1172 852 1236 τὰ
866 1175 922 1252 μὲν
938 1172 1024 1239 εὐθὺς
1039 1170 1170 1253 ήνεγκαν
1184 1173 1214 1235 οἱ
1230 1169 1349 1250 Σάμιοι,

200 1278 239 1339 τδ
253 1273 280 1340 δ’
294 1278 328 1341 ἐν
341 1276 443 1362 χρόνῳ
453 1278 533 1362 ῥητῷ
550 1273 712 1358 ταξάμενοι
726 1276 879 1340 κατοίσειν
894 1274 1022 1357 ὁμήρους
1038 1274 1159 1340 έδωκαν.
1198 1279 1308 1355 Δοῦρις
1324 1274 1351 1338 δ’

200 1380 217 1442 ὁ
240 1377 351 1459 Σάμιος
374 1381 492 1446 τούτοις
513 1383 712 1464 ἐπιτραγῳδεῖ
732 1380 855 1459 πολλὴν
878 1379 1018 1460 ὠμότητα
1043 1384 1104 1443 τῶν
1117 1379 1287 1458 Ἀθηναίων
1300 1375 1350 1442 καὶ

200 1488 254 1547 τοῦ
284 1484 470 1567 Περικλέους
498 1491 681 1569 κατηγορῶν,
710 1481 748 1563 ῆν
778 1484 848 1549 οὕτε
877 1485 1062 1563 Θουκυδίδης
1100 1484 1258 1567 ἱστόρηκεν
1287 1482 1348 1546 οὔτ’

196 1583 331 1670 ΙΊῖφορος
352 1588 414 1652 οὔτ’
428 1587 656 1672 Ἀριστοτέλης·
679 1588 750 1652 ἀλλ’
773 1587 834 1653 οὐδ’
851 1588 1011 1668 ἀληθεύειν
1032 1588 1137 1667 έοικεν,
1153 1587 1192 1654 ὡς
1208 1588 1265 1671 ἀρα
1279 1587 1349 1654 τοὺς

198 1691 395 1775 τριηράρχους
410 1695 460 1757 καὶ
475 1692 544 1760 τοὺς
558 1692 706 1774 ἐπιβάτας
721 1698 782 1756 τῶν
797 1693 919 1773 Σαμίων
934 1695 977 1758 είς
992 1692 1048 1772 τῆν
1058 1692 1222 1770 Μιλησίων
1237 1690 1351 1774 ἀγορὰν

199 1795 322 1877 ἀγαγὺν
337 1794 385 1860 καὶ
400 1797 507 1861 σανίσι
518 1795 695 1880 προσδήσας
707 1796 755 1877 ἐφ’
767 1795 879 1879 ἡμέρας
888 1797 958 1862 δέκα
970 1804 1067 1862 κακῶς
1075 1794 1131 1876 ήδη
1148 1795 1350 1873 διακειμένους

199 1898 386 1981 προσέταξεν
401 1901 531 1978 ἀνελεῖν,
542 1899 643 1980 ξύλοις
658 1900 711 1967 τὰς
722 1900 860 1980 κεφαλὰς
870 1902 1093 1983 συγκόψαντας,
1103 1899 1168 1964 εἶτα
1179 1902 1351 1982 προβαλεῖν

198 2000 344 2082 ἀκήδευτα
356 2006 394 2067 τὰ
404 2006 539 2084 σόματα.
559 2009 669 2088 Δοῦρις
680 2008 735 2084 μὲν
750 2003 802 2068 οὖν
816 2003 877 2068 οὐδ’
891 2005 968 2068 ὅπου
980 2008 1073 2083 μηδὲν
1087 2004 1168 2089 αύτηῖ
1181 2004 1350 2086 πρόσεστιν

199 2109 277 2172 ίδιον
298 2106 394 2174 πάθος
412 2109 524 2175 είωθιδς
546 2113 666 2191 κρατεῖν
687 2109 743 2188 τήν
765 2107 906 2191 διήγησιν
926 2106 977 2173 ἐπὶ
992 2111 1044 2187 τῆς
1059 2108 1212 2185 ἀληθείας,
1228 2111 1350 2186 μᾶλλον

199 2211 297 2276 ἐοικεν
311 2213 439 2276 ἐνταῦθα
455 2218 598 2279 δεινῶσαι
609 2211 663 2279 τάς
674 2217 727 2292 τῆς
743 2213 886 2296 πατρίδος
902 2215 1062 2295 συμφοράς
1077 2209 1128 2276 ἐπὶ
1142 2212 1273 2300 διαβολῇ
1288 2216 1349 2275 τῶν

198 2313 375 2394 Ἀθηναίων.

244 2453 323 2510 240.
346 2442 432 2508 Plut.
465 2442 575 2510 Τέιανη.
609 2463 646 2512 2:
685 2446 792 2510 Καίτοι
823 2445 1050 2528 Στησίμβροτος
1080 2442 1285 2529 Ἀναξαγόρου
1316 2468 1350 2508 τε

199 2553 356 2613 διακοῦσαι
370 2548 423 2613 τὸν
439 2548 653 2628 Θεμιστοκλέα
670 2551 747 2631 φησὶ
769 2549 818 2613 καὶ
843 2551 910 2632 περὶ
932 2547 1096 2613 Μέλισσον
1111 2549 1282 2612 σπουδάσαι
1298 2553 1351 2610 τὸν

199 2653 340 2732 φυσικόν,
365 2653 415 2717 οὐκ
442 2652 476 2717 εῖν
500 2657 561 2718 τῶν
584 2655 702 2736 χρόνων
726 2655 901 2733 ἁπτόμενος·
940 2657 1088 2735 Περικλεῖ
1114 2652 1180 2736 γάρ,
1209 2650 1241 2719 δς
1271 2652 1350 2716 πολὺ

198 2756 341 2840 νεότερος
364 2755 400 2837 ἦν
423 2755 680 2837 Θεμιστοκλέους,
704 2756 866 2825 Μέλισσος
888 2760 944 2838 μέν
968 2754 1201 2839 ἀντεστρατήγει
1225 2761 1350 2839 πολιορ-

198 2864 298 2925 κοιῖυτι
315 2861 453 2942 Σαμίους,
469 2859 674 2945 Ἀναξαγόρας
690 2865 723 2928 δέ
738 2861 938 2945 συνδιέτριβε.

243 2999 315 3053 241.
342 2988 414 3054 Ael.
437 2987 473 3053 V.
490 2989 536 3054 H.
554 2991 612 3056 vii.
636 3010 695 3071 14:
718 2992 759 3055 Τί
779 2992 814 3058 δέ
822 3016 830 3068 ;
858 2991 909 3056 οὐκ
933 2989 1012 3071 ῆσαν
1037 2990 1087 3055 καὶ
1117 2991 1147 3052 οἱ
1178 2987 1351 3070 φιλόσοφοι

199 3091 237 3157 τά
265 3094 396 3174 πολέμια
423 3094 534 3177 ἀγαθοί
545 3119 557 3170 ,·
592 3097 658 3176 ἐμοὶ
679 3099 734 3174 μὲν
758 3100 906 3160 δοκοῦσιν·
953 3097 1017 3177 εἴγε
1128 3093 1289 3158 Μέλισσος
1318 3095 1350 3157 δέ

200 3195 398 3279 ἐναυάρχησε,
415 3197 576 3280 Σωκράτης
591 3203 624 3266 δέ
639 3199 864 3283 ἐστρατεύσατο
880 3199 952 3281 τρίς,
967 3205 1054 3262 κ.τ.λ.

243 3335 319 3389 242.
341 3325 399 3389 Ar.
420 3324 510 3411 Μυκη).
531 3328 612 3394 281:

285 3430 374 3514 Τάχα
397 3430 423 3495 δ’
445 3430 483 3496 ἀν
505 3429 554 3495 διὰ
576 3438 630 3497 τδν
651 3433 786 3518 χθιζινὸν
807 3433 973 3518 ἀνθρωπον,
997 3431 1028 3498 ὃς
1051 3431 1128 3512 ἡμεῖς
1150 3429 1273 3496 διεδύετ’

287 3533 446 3612 ἐξαπατιῖν
466 3535 565 3619 λέγων
588 3535 628 3603 ὦς

285 3641 336 3703 καὶ
358 3637 559 3721 φιλαθήναιος
581 3639 618 3721 ῆν
640 3639 689 3706 καί

286 3744 342 3807 τάν
364 3740 455 3828 Σάμῳ
479 3749 597 3827 πρῶτος
619 3745 764 3824 κατείποι,

286 3849 336 3909 διδ
358 3846 438 3910 τοῦτ’
459 3844 611 3926 ὀδυνηθεὶς

286 3949 342 4014 εἶτ’
363 3953 438 4015 ἴσως
461 3955 557 4015 κεῖται
579 3949 741 4036 πυρέττων.

244 4078 320 4133 243.
343 4066 452 4133 Schol.
468 4069 515 4134 ad
530 4092 560 4134 V.
578 4070 660 4156 283:
687 4070 735 4137 Τά
749 4073 775 4137 ’ν
790 4072 899 4158 Σάμῳι
924 4072 981 4158 [Τὰ
997 4074 1063 4156 περὶ
1078 4070 1182 4154 Σόμου
1200 4071 1350 4136 ἐννεακαι-

200 4170 313 4256 δεκάτῳ
330 4172 391 4235 ἔτει
407 4174 551 4256 πρότερον
570 4174 622 4239 ἐπὶ
641 4175 826 4256 Τιμοκλέους
849 4177 993 4259 ἀρχοντος
1015 4174 1143 4261 γέγονε]
1189 4175 1352 4254 Μιλησίων

199 4275 259 4357 γάρ
288 4301 362 4341 ποτε
393 4278 442 4342 καὶ
477 4279 599 4358 Σαμίων
627 4281 806 4364 μαχομένων
834 4281 987 4359 Ἀθηναῖοι
1020 4278 1264 4364 παρακληθέντες
1293 4280 1353 4343 ύπδ

201 4381 362 4457 Μιλησίων
372 4383 416 4448 είς
426 4385 601 4465 συμμαχίαν
612 4383 856 4466 ἐπεστράτευσαν
871 4388 947 4450 κατὰ
958 4391 1019 4449 τῶν
1030 4384 1159 4463 Σαμίων,
1171 4381 1353 4468 Περικλέους

200 4479 366 4565 ἡγουμένου
388 4491 441 4550 τοῦ
463 4488 651 4555 Ξανθίππου.
697 4494 793 4556 κακιῖς
811 4493 845 4557 δέ
865 4487 1052 4556 διατεθέντες
1069 4487 1179 4570 Σάμιοι
1195 4487 1352 4573 ἐπεχείρη·
