3000 5046
134 377 250 444 saw]
359 369 447 429 THE
470 369 704 430 ΑΤΗΕΝΙΑΝ
729 371 1050 435 CONSTJTUTION.
1225 392 1283 434 211

135 560 184 627 καέ
212 565 359 647 λαφύρων
389 568 603 645 ἐμπεπληκότα
633 568 688 647 τὴν
717 569 819 648 πάλιν,
845 569 886 636 ὡς
917 572 950 634 ἐν
979 574 1044 637 τοῖς
1073 568 1141 653 περὶ
1168 573 1286 636 ἐκείνου

133 667 310 750 γέγραπται.

176 769 264 838 Plut.
280 771 368 837 cim.
386 788 435 854 17.
481 772 544 839 Son
558 773 665 840 below
680 784 761 842 VII.
778 788 831 841 65.

177 902 232 957 84.
255 890 354 960 Corn.
370 891 455 978 Nep.
471 893 557 959 θύοι.
573 914 614 980 3:
636 894 768 975 Quibus
782 895 880 961 rebus
894 917 970 962 cum
989 917 1075 961 unus
1092 895 1128 961 in
1147 897 1284 963 civitate

132 993 278 1060 maxime
291 996 430 1074 floreret,
446 996 566 1063 inoidit
583 997 619 1062 in
637 998 775 1064 eandem
792 998 958 1064 invidiam
976 1021 1076 1086 quam
1091 1005 1187 1086 pater
1203 1022 1284 1066 suus

132 1098 298 1186 ceterique
326 1099 579 1166 Atheniensium
608 1101 795 1188 principos:
826 1124 905 1167 nam
930 1108 1091 1168 testarum
1114 1103 1284 1190 suffragiis

80 1235 84 1241 ·
131 1201 231 1287 [quod
252 1202 306 1268 illi
327 1205 533 1287 ὀστρακισμόν
556 1207 687 1290 vocant]
712 1207 825 1272 decem
847 1228 1011 1274 annorum
1034 1206 1137 1273 exilio
1159 1206 1282 1274 multa·

132 1311 186 1372 tus
207 1313 269 1373 est.

504 1475 645 1542 Mnrder
667 1483 707 1541 of
723 1483 911 1553 Ephialtes.

175 1621 228 1675 οε.
253 1607 596 1701 [Ατὶκι.]1ἰωρ.Αι1ι.
615 1627 665 1696 25·

175 1743 230 1797 80.
253 1731 349 1800 Diod.
364 1732 409 1800 xi.
428 1749 478 1817 77.
494 1735 524 1800 6.
575 1733 635 1798 See
649 1732 756 1799 above
770 1744 823 1799 74.

177 1863 229 1920 87.
251 1853 338 1921 Plut.
354 1854 431 1922 Per.
449 1875 507 1919 10:
531 1860 604 1922 Πῶς
626 1855 663 1918 δν
686 1854 739 1920 ούν
762 1880 807 1921 τις
828 1854 974 1934 Ἰδομενεῖ
996 1854 1170 1920 πιστεύσειε
1191 1881 1280 1933 κατη-

129 1964 269 2040 γοροῦντι
303 1963 356 2022 τοῦ
392 1957 586 2040 Περικλέους,
616 1959 656 2026 ὡς
688 1964 741 2022 τδν
772 1964 951 2040 δημαγωγὸν
982 1957 1153 2038 Ἐφιάλτην
1185 1961 1281 2039 φίλον

130 2062 293 2145 γενόμενον
314 2060 363 2127 καὶ
386 2064 530 2129 κοινωνὸν
551 2066 623 2127 ὄντα
644 2067 697 2141 τῆς
713 2063 796 2151 ἐντῇ
815 2064 956 2146 πολιτείᾳ
971 2061 1176 2143 προαιρέσεως
1191 2067 1280 2126 δολο·

128 2166 323 2248 φωνήσαντος
345 2167 395 2233 διὰ
418 2168 601 2247 ζηλοτυπίαν
621 2165 670 2231 καὶ
694 2167 811 2247 φθόνον
832 2170 885 2245 τῆς
907 2164 1020 2244 δάξηςς
1043 2171 1136 2229 ταῦτα
1153 2168 1212 2249 γὰρ
1228 2167 1279 2230 οὐκ

130 2267 185 2335 οἶδ’
199 2271 271 2336 ὅθεν
284 2273 467 2355 συναγαγὼν
485 2272 588 2353 ὥσπερ
606 2270 706 2353 χολὴν
728 2268 831 2352 τάνδρὶ
853 2269 1085 2352 προσβέβληκε,
1105 2268 1202 2357 πάντῃ
1224 2273 1280 2347 μέν
1368 2310 1369 2314 ,

128 2376 203 2441 ἴσως
222 2376 273 2439 αύκ
296 2376 499 2460 ἀνεπιλήπτῳ,
518 2375 659 2456 φρόνημα
681 2373 707 2437 δ’
724 2373 843 2456 εὐγενὲς
863 2373 966 2457 ἔχοντι
989 2371 1037 2438 καὶ
1058 2372 1166 2456 ψυχὴν
1187 2377 1280 2455 φιλό-

128 2506 223 2560 τιμον,
238 2483 285 2549 οἶς
300 2482 385 2547 οθδέν
400 2482 544 2563 ἐμφύεται
561 2480 657 2548 πάθος
673 2480 754 2560 ὠμὸν
770 2482 846 2544 ούτω
862 2477 912 2543 καὶ
928 2484 1081 2562 θηριῶδες.
1108 2479 1278 2561 Ἐφιάλτην

127 2589 183 2663 μέν
204 2585 257 2651 ούν
279 2592 416 2668 φοβερὸν
438 2587 511 2651 ὄντα
533 2590 596 2652 τοῖς
618 2585 826 2667 ὀλιγαρχικοῖς
844 2585 894 2648 καὶ
916 2581 984 2665 περὶ
1006 2586 1060 2650 τὰς
1083 2582 1206 2650 εὐθύνας
1230 2587 1279 2649 καὶ

129 2687 246 2776 διάξεις
267 2696 328 2754 τῶν
349 2690 402 2754 τδν
420 2693 514 2768 δῆμον
532 2688 712 2754 ἀδικούντων
728 2688 932 2769 ἀπαραίτητον
950 2685 1226 2766 ἐπιβουλεύσαντες
1249 2690 1279 2751 οἱ

126 2792 231 2875 ἐχθροὶ
244 2794 281 2858 δι’
292 2794 502 2874 Ἀριστοδίκου
516 2798 570 2856 τοῦ
581 2796 770 2874 Ταναγρικοῦ
783 2791 935 2873 κρυφαίως
946 2791 1077 2869 άνεῖλον,
1089 2789 1129 2857 ὣς
1138 2789 1278 2872 Ἀριστο-

126 2897 215 2976 τίλης
234 2899 358 2979 εἴρηκεν.

171 3030 226 3083 88.
249 3018 423 3104 Antiphon
441 3033 462 3102 5
481 3017 523 3082 de
542 3016 631 3083 θανά.
648 3016 727 3082 Her.
744 3016 805 3080 68:
827 3015 941 3080 Αύτίκα
955 3012 1125 3096 Ἐφιάλτην
1138 3013 1192 3079 τὸν
1205 3014 1276 3091 ὑμέ·

127 3147 214 3204 τερον
228 3126 358 3201 πολίτην
372 3122 488 3188 ούδέπω
506 3121 603 3208 (καὶ)
616 3127 669 3189 νῦν
684 3122 825 3204 ηύρηνται
841 3121 871 3185 οἱ
886 3119 1123 3186 ἀποκτείναντες.

537 3377 618 3435 Risu
641 3375 681 3432 ot
698 3374 863 3432 Perikles.

171 3506 233 3572 See
251 3517 312 3575 VI.
330 3518 369 3574 01
380 3516 414 3574 ff.

474 3641 631 3709 Pen‘ldes’
653 3639 775 3708 Public
797 3639 924 3726 Policy.

170 3795 224 3850 89.
245 3782 333 3851 Plut.
348 3782 425 3849 Per.
445 3802 481 3847 11
495 3805 508 3846 τ·
526 3783 585 3847 Διδ
611 3779 660 3846 καὶ
687 3781 757 3845 τάτε
781 3779 917 3859 μάλιστα
943 3780 985 3864 τῷ
1008 3776 1092 3864 δήμῳ
1115 3776 1169 3844 τὰς
1189 3777 1277 3856 ἡνίας

125 3886 206 3956 άνεὶς
237 3891 253 3953 δ
284 3891 437 3970 Περικλῆς
472 3888 662 3954 ἐπολιτεύετο
698 3880 772 3968 πρὸς
804 3884 903 3969 χάριν,
934 3884 982 3948 iel
1015 3881 1069 3965 μίν
1104 3907 1172 3947 τινα
1204 3886 1277 3948 θίαν

125 3992 330 4076 πανηγυρικὴν
350 3989 369 4071 ἡ
394 3993 534 4056 ἐστίασιν
554 3990 572 4071 ἡ
596 3991 719 4071 πομπὴν
738 3989 815 4055 εἶναι
832 3987 1047 4071 μηχανύμενος
1065 3987 1097 4051 ἐν
1118 3985 1206 4050 άστει
1227 3982 1275 4050 καὶ

124 4100 374 4178 διαπαιδαγωγῶν
389 4096 440 4160 ούκ
456 4095 600 4172 άμούσοις
614 4093 736 4173 ἡδοναῖς
749 4094 805 4172 τὴρ
820 4092 922 4170 πάλιν,
939 4088 1084 4170 ἐξήκοντα
1099 4090 1133 4153 δέ
1146 4087 1275 4172 τριήρεις

125 4197 190 4261 καθ’
206 4198 336 4262 ἕκαστον
352 4199 486 4262 ἐνιαυτὸν
502 4198 670 4275 ἐκπέμπων,
687 4199 720 4263 ἐν
739 4197 787 4262 αἶς
805 4193 916 4260 πολλοὶ
934 4200 994 4258 τῶν
1013 4197 1149 4258 πολιτθν
1164 4192 1277 4257 ἐπλεον

123 4301 201 4364 δκτδ
216 4304 310 4382 μῆνας
325 4301 477 4382 ἔμμισθοι,
492 4307 678 4381 μελετῶντες
696 4299 758 4379 ἅμα
778 4301 827 4364 καὶ
841 4297 1043 4378 μανθάνοντες
1061 4297 1118 4376 τὴν
1134 4297 1276 4376 ναντικὴν

124 4407 290 4488 ἐμπειρίαν.
333 4411 409 4487 πρὸς
431 4409 464 4471 δὲ
488 4404 604 4472 τούτοις
625 4404 747 4487 χιλίους
769 4404 826 4483 μὲν
852 4402 992 4468 ἐστειλεν
1014 4402 1058 4468 είς
1081 4400 1275 4483 Χερρόνησον

71 4501 72 4506 ¹
124 4491 321 4592 κληρούχους,
347 4510 391 4587 είς
420 4510 452 4572 δέ
478 4505 585 4586 Νάξον
613 4507 837 4584 πεντακοσίους,
864 4506 907 4571 είς
936 4507 969 4570 δέ
992 4501 1124 4587 Ἀνδραν
1151 4501 1278 4584 ἡμίσεις

669 4625 689 4673 P
706 4626 725 4676 2
