3000 5046
155 353 265 420 15-24.]
471 346 557 405 THE
585 347 796 406 WESTERN
820 347 996 408 GREEKS.
1244 366 1303 426 311

414 642 552 709 Gelon's
574 654 738 710 Rowards
760 654 829 709 and
851 653 1082 712 Dedications.

198 791 247 844 21.
271 778 369 845 Diod.
385 782 432 846 xi.
451 798 512 864 25:
535 781 571 847 ‘0
595 785 627 848 δὲ
650 785 755 850 Γέλων
775 783 851 864 μετὰ
872 783 928 863 τήν
950 786 1035 863 νίκην
1057 785 1124 850 τούς
1147 810 1180 850 τε
1203 787 1304 854 ἱππεῖς

154 885 224 951 τοὺς
245 887 409 953 ἀνελόντας
428 893 480 953 τὸν
495 888 643 967 Ἀμίλκαν
664 892 787 967 δωρεαῖς
809 889 933 968 έτίμησε
957 885 1005 952 καὶ
1027 892 1087 952 τῶν
1109 889 1215 953 ἄλλων
1237 890 1304 958 τοὺς

153 988 412 1070 ἠνδραγαθηκότας
433 991 595 1070 ἀριστείοις
617 993 778 1072 ἐκόσμησε.
823 997 884 1055 τῶν
910 994 943 1056 δὲ
969 992 1113 1072 λαφύρων
1135 995 1173 1056 τδ
1197 1001 1303 1058 καλλι-

154 1094 299 1158 στεύοντα
323 1095 527 1177 παρεφύλαξε,
548 1097 738 1177 βουλόμενος
761 1096 830 1162 τοὺς
849 1084 885 1160 7έν
909 1102 974 1163 ταῖς
999 1098 1202 1177 Συρακούσαις
1228 1099 1302 1165 νεδις

154 1202 306 1278 κοσμῆσαι
328 1206 392 1267 τοῖς
414 1201 547 1267 σκύλοις·
577 1199 680 1264 τῶνδ’
705 1200 812 1263 άλλων
833 1202 937 1263 πολλὰ
957 1203 1015 1280 μέν
1036 1202 1070 1266 έν
1086 1196 1187 1286 Ἱμέρᾳ
1204 1228 1301 1284 προσ-

151 1299 257 1379 ήλωσε
286 1309 348 1370 τοῖς
382 1302 637 1385 ἐπιφανεστάτοις
667 1309 729 1367 τῶν
757 1305 856 1384 δερῶν,
881 1308 918 1367 τὰ
949 1306 982 1367 δὲ
1010 1304 1107 1367 λοιπά
1137 1305 1213 1386 μετὰ
1242 1312 1302 1371 τῶν

153 1406 353 1487 αἰχμαλώτων
368 1406 514 1489 διεμέρισε
529 1411 592 1473 τοῖς
609 1405 788 1491 συμμάχοις,
801 1410 877 1470 κατὰ
888 1407 941 1473 τδν
952 1407 1081 1489 άριθμδν
1093 1416 1154 1473 τῶν
1170 1433 1301 1493 συστρα-

152 1509 323 1576 τευσάντων
337 1512 393 1590 τήν
408 1511 574 1593 ἀναλογίαν
593 1509 805 1590 ποιησάμενος.
850 1504 900 1597 (2)
919 1512 951 1575 αἱ
972 1513 1004 1575 δὲ
1025 1512 1130 1578 πόλεις
1150 1514 1192 1578 είς
1209 1512 1301 1579 πέδας

153 1612 341 1692 κατέστησαν
356 1615 425 1681 τοὺς
439 1613 642 1695 διαιρεθέντος
654 1615 872 1698 αἰχμαλώτους,
885 1612 932 1679 καὶ
944 1614 983 1677 τά
992 1615 1123 1696 δημόσια
1133 1623 1194 1681 τῶν
1206 1617 1302 1698 ἔργων

152 1715 201 1779 διὰ
213 1717 325 1781 τούτων
337 1719 546 1797 ἐπεσκεύαζον.
564 1765 572 1783 .
589 1765 596 1782 .
613 1766 620 1782 .
635 1715 702 1805 (26.
716 1717 748 1805 7)
763 1719 823 1783 άπὸ
835 1721 867 1782 δὲ
876 1719 989 1783 τούτων
1000 1719 1159 1801 γενόμενος
1172 1720 1188 1782 ὀ
1200 1718 1302 1785 Γέλων

152 1822 184 1883 έκ
202 1823 258 1900 μέν
279 1827 339 1885 τῶν
358 1823 504 1904 λαφύρων
526 1822 730 1887 κατεσκεύασε
755 1823 843 1890 ναοὺς
867 1821 1044 1906 ἀξιολόγους
1068 1821 1226 1904 Δήμητρος
1253 1823 1301 1888 καὶ

152 1925 258 2005 Κόρης,
275 1931 405 2008 χρυσοῦν
421 1927 455 1990 δὲ
469 1927 597 2010 τρίποδα
608 1925 738 2004 ποιήσας
749 1927 809 1991 άπὸ
821 1925 978 1990 ταλάντων
990 1927 1145 1990 ἑκκαίδεκα
1156 1926 1300 2004 ἀνέθηκεν

153 2029 195 2093 είς
210 2028 244 2091 τὸ
259 2028 382 2107 τέμενος
397 2029 431 2093 τὸ
447 2032 481 2095 έν
497 2034 633 2110 Δελφοῖς
647 2029 825 2094 Ἀπόλλωνι
841 2027 1046 2112 χαριστήριον.
1080 2029 1251 2110 ἐπεβάλετο
1267 2034 1300 2096 δὲ

151 2132 277 2213 ὕστερον
294 2133 433 2196 καὶκατὰ
449 2133 504 2212 τὴν
520 2135 631 2211 Αἴτνην
647 2133 879 2211 κατασκευάζειν
895 2133 970 2198 νεὼν
983 2130 1141 2215 Δήμητρος
1153 2130 1175 2171 ³*
1186 2134 1299 2212 έννηὼς

151 2236 184 2296 δὲ
200 2235 289 2314 οὔσης
305 2241 411 2300 τοῦτον
429 2240 484 2317 μὲν
502 2236 537 2300 ού
556 2235 747 2312 συνετέλεσε,
761 2233 988 2317 μεσολαβηθεῖς
1006 2242 1059 2301 τὸν
1078 2238 1151 2317 βίον
1168 2237 1227 2300 ῦπδ
1247 2240 1299 2316 τῆς

150 2338 354 2420 πεπρωμένης.

194 2470 248 2524 22.
271 2460 366 2527 Pane.
382 2462 428 2527 vi.
451 2481 500 2547 19.
521 2477 560 2543 7²
581 2460 716 2544 Ἐφεξῆς
739 2464 772 2527 δὲ
793 2464 834 2547 τῷ
850 2461 1020 2526 Σικυωνίων
1038 2462 1124 2525 ἐστὶν
1144 2461 1160 2523 ὀ
1177 2464 1298 2545 Καρχη-

150 2565 256 2629 δονίων
271 2567 429 2647 θησαυρός,
446 2567 583 2630 Ποθαίου
597 2566 688 2648 τέχνη
708 2565 754 2629 καὶ
769 2565 948 2645 Ἀντιφίλου
968 2590 1000 2630 τε
1021 2565 1070 2629 καὶ
1091 2564 1297 2646 Μεγακλέους.

149 2668 324 2746 ἀναθήματα
345 2673 377 2735 δὲ
400 2671 435 2734 έν
456 2668 535 2754 αὐτῷ
555 2668 629 2736 Ζεῦς
651 2667 774 2752 μεγέθει
795 2668 890 2752 μέγας
906 2669 955 2733 καὶ
971 2668 1103 2748 θύρακες
1121 2671 1204 2731 λινοῖ
1219 2673 1299 2751 τρεῖς

148 2771 283 2853 άριθμύν,
294 2770 430 2838 Γέλωνος
440 2774 473 2836 δὲ
488 2770 628 2852 ἀνάθημα
637 2768 686 2836 καὶ
697 2773 892 2856 Συρακοσίων
903 2774 1048 2838 Φοίνικας
1062 2770 1130 2850 ἤτοι
1144 2769 1298 2855 τριήρεσιν

147 2871 166 2952 ἦ
183 2877 232 2939 καὶ
247 2877 322 2964 πεζῇ
336 2875 419 2962 μάχη
436 2876 656 2957 κρατησάντων.

191 3005 244 3060 28.
259 2995 381 3062 Athen.
390 2995 437 3060 vi.
449 3013 507 3080 231
518 2997 545 3061 F
557 3022 565 3063 ι
583 2995 757 3077 Ἱστοροῦσι
769 3000 827 3078 γάρ
839 2997 922 3062 οῦτοι
931 2993 1072 3083 (Φαινίας
1087 3022 1120 3062 τε
1132 2997 1149 3059 δ
1160 2996 1297 3077 Ἐρέσιος

147 3096 212 3182 (fv.
233 3117 271 3165 12
287 3098 324 3163 F.
341 3098 386 3165 H.
404 3099 440 3165 G.
458 3099 492 3163 ii.
510 3099 587 3187 297)
602 3101 651 3164 καὶ
661 3102 843 3182 Θεόπομπος
858 3098 924 3188 (fr.
937 3117 999 3183 219
1014 3098 1047 3164 R
1059 3098 1104 3163 H.
1117 3098 1154 3165 G.
1166 3098 1188 3162 i.
1205 3096 1298 3185 314»

147 3206 334 3282 κοσμηθῆναι
350 3203 384 3267 τδ
400 3208 535 3267 Πυθικὸν
550 3206 629 3285 ῖερδν
643 3204 703 3268 ὑπό
713 3229 746 3268 τε
765 3209 819 3266 τοῦ
839 3204 935 3285 Γύγου
954 3206 1001 3266 καὶ
1023 3207 1075 3266 τοῦ
1096 3200 1174 3284 μετὰ
1192 3207 1297 3267 τοῦτον

147 3307 288 3385 Κροίσου,
298 3305 364 3388 μεθ’
376 3305 426 3372 οῦς
436 3307 496 3369 ύπό
506 3331 540 3371 τε
549 3305 687 3374 Γέλωνος
699 3303 891 3389 καὶἹέρωνος
900 3313 960 3371 τῶν
970 3311 1169 3384 Σικελιωτῶν,
1178 3310 1229 3369 τοῦ
1239 3308 1296 3385 μὲν

146 3409 271 3489 τρίποδα
292 3410 342 3473 καὶ
362 3410 460 3486 Νίκην
477 3413 592 3491 χρυσοῦ
612 3407 800 3490 πεποιημένα
823 3408 985 3476 ἀναθέντος
1009 3407 1074 3472 καθ’
1097 3407 1146 3474 οῦς
1168 3409 1296 3492 χρόνους

147 3509 264 3593 Ξέρξης
280 3510 478 3593 ἐπεστράτευε
493 3511 530 3598 τῇ
544 3507 685 3588 Ἑλλάδι,
698 3515 752 3575 τοῦ
767 3511 794 3575 δ’
808 3509 947 3593 Ἱέρωνος
962 3509 999 3575 τά
1014 3512 1112 3590 ὅμοια.

190 3649 244 3704 24.
268 3638 378 3705 Schol.
403 3638 499 3705 Pind.
524 3637 624 3725 Pytk.
653 3639 676 3705 i.
704 3653 785 3722 155:
813 3637 896 3705 Φασὶ
926 3642 959 3705 δὲ
991 3645 1044 3705 τὸν
1072 3638 1196 3703 Γέλωνα
1227 3638 1296 3706 τοῦς

146 3743 298 3825 ἆδελφοὺς
328 3741 609 3825 φιλοφρονούμενον
639 3745 793 3810 ιἰναθεῖναι
825 3745 866 3829 τῷ
898 3745 957 3830 θεῷ
987 3746 1120 3828 χρυσοῦς
1153 3743 1294 3825 τρίποδας

145 3849 355 3930 έπιγράψαντα
370 3853 481 3911 ταῦται

274 3948 356 4032 Φημὶ
379 3949 499 4030 Γέλων,
521 3947 650 4033 Ἱέρωνα,
672 3951 860 4029 Πολύζηλον,
882 3950 1117 4034 Θρασύβουλον,

318 4057 426 4119 παῖδας
450 4052 656 4135 Δεινομένευς,
679 4053 748 4121 τοὺς
770 4055 911 4137 τρίποδας
934 4052 1068 4136 θέμεναι,

276 4154 334 4241 (ἐξ
354 4160 460 4222 ἑκατὸν
480 4163 592 4240 λιτρῶν
615 4155 664 4221 καὶ
685 4154 869 4236 πεντήκοντα
891 4155 1049 4222 ταλάντων

319 4258 497 4341 Δαμαρέτου
517 4263 643 4345 χρυσοῦ,
666 4264 720 4328 τῖις
742 4259 868 4328 δεκάτας
890 4259 1049 4344 δεκάταν,>

273 4364 417 4446 βάρβαρα
440 4365 618 4441 νικήσαντας
639 4364 722 4443 έθνη,
744 4365 865 4445 πολλήν
885 4367 918 4428 δὲ
940 4368 1110 4447 παρασχεῖν

318 4466 478 4550 σύμμαχον
495 4465 651 4546 Ἕλλησιν
671 4466 747 4552 χεῖρ’
770 4469 801 4535 ές
823 4467 1004 4552 ἐλευθερίην.
