3000 5046
158 368 266 434 ειν-οι]
476 361 563 420 THE
591 360 803 420 WESTERN
828 360 1006 419 GREEKS.
1250 369 1313 438 321

220 519 232 557 λ

445 674 516 730 'Phe
539 675 622 731 war
642 672 728 731 with
749 672 808 730 the
831 673 1028 730 Etruscam.

203 813 254 868 57.
277 801 375 867 Diod.
388 802 434 867 xi.
448 819 508 887 51:
529 800 599 868 Ἐπ’
617 803 766 886 άρχοντος
788 801 1004 881 δ”Ἀθήνησιν
1023 801 1286 883 Ἀκεστορίδου..
1304 851 1311 867 .

161 907 210 970 ἐπὶ
233 909 266 971 δὲ
288 908 399 972 τούτων
419 906 521 990 Ἱέρων
539 910 596 988 μὲν
620 908 637 970 θ
659 906 810 989 βασιλεὺς
835 912 895 971 τῶν
919 907 1121 989 Συρακοσίων,
1146 931 1311 988 παραγενο-

159 1009 259 1088 μένων
282 1017 356 1092 πρὸς
381 1011 471 1077 αύτὸν
495 1010 657 1094 πρέσβεων
682 1013 715 1075 έκ
742 1011 843 1091 Κύμης
869 1015 922 1091 τῆς
946 1007 1076 1078 Ἰταλίας
1099 1009 1147 1075 καὶ
1167 1009 1312 1092 δεομένων

160 1119 314 1194 βοηθῆσαι
345 1114 581 1195 πολεμουμένοις
613 1116 671 1178 ὑπὸ
705 1120 867 1196 Τυρρηνῶν
897 1113 1225 1195 θαλαττοκρατούντων,
1248 1111 1312 1193 ἐξέ-

162 1224 283 1301 πεμψεν
303 1219 404 1285 αὐτοῖς
436 1218 609 1304 συμμαχίαν
640 1217 770 1302 τριήρεις
802 1217 915 1284 ἱκανάς.
971 1215 1018 1304 (2)
1047 1220 1077 1283 οί
1099 1220 1132 1282 δέ
1154 1227 1214 1284 τῶν
1237 1224 1312 1284 νεῶν

161 1323 274 1386 τούτων
287 1323 435 1406 ἡγεμόνες
450 1324 554 1402 ἐπειδή
571 1322 780 1387 κατέπλευσαν
795 1324 839 1389 είς
854 1318 910 1400 τήν
925 1322 1036 1402 Κύμην,
1051 1324 1127 1400 μετδ
1141 1328 1201 1386 τῶν
1216 1324 1312 1404 ἐγχω-

160 1427 234 1506 ρίων
248 1429 304 1505 μὲν
326 1425 541 1510 ἐναυμάχησαν
561 1426 635 1506 πρὸς
655 1426 725 1492 τοδς
743 1426 923 1507 Τυρρηνούς,
938 1423 1058 1492 πολλὰς
1079 1428 1111 1490 δέ
1130 1432 1201 1493 ναῦς
1216 1427 1314 1490 αύτῶν

162 1531 390 1611 διαφθείραντες
405 1532 455 1594 καὶ
468 1529 588 1616 μεγάλῃ
609 1531 760 1615 ναυμαχία
781 1528 968 1609 νικήσαντες,
985 1529 1053 1596 τοὺς
1072 1533 1129 1610 μέν
1145 1529 1313 1610 Τυρρηνοὺς

163 1635 377 1709 ἐταπείνωσαν,
397 1633 466 1701 τοὺς
488 1636 522 1699 δέ
541 1633 690 1713 Κυμαίους
711 1631 924 1712 ἠλευθέρωσαν
946 1636 1006 1698 τᾶν
1029 1633 1148 1714 φόβων,
1172 1630 1220 1696 καὶ
1241 1633 1313 1698 άπέ·

162 1745 301 1802 πλευσαν
315 1735 366 1802 ἐπὶ
381 1736 583 1817 Συρακούσας.

207 1877 261 1930 58.
285 1865 415 1944 Ρίαάας,
431 1863 531 1951 Pyd.
546 1865 568 1929 i.
585 1881 623 1948 71
641 1862 753 1951 (136):

250 1972 415 2050 Λίσσομαι,
437 1975 556 2044 νεῦσον,
581 1971 724 2051 Κρονίων,
748 1967 861 2050 ἅμερον

250 2074 330 2155 ὄφρα
351 2073 415 2137 κατ’
435 2073 519 2139 οἶκον
533 2075 550 2136 δ
565 2070 677 2152 Φοίνιξ
694 2073 711 2135 δ
730 2075 897 2152 Τυρσανδν
915 2070 943 2135 τ’
958 2071 1111 2139 ἀλαλατὸς
1127 2072 1192 2159 ἔχῃ,
1208 2073 1314 2136 ναυσί·

295 2201 405 2241 στονου
417 2178 509 2257 ὕβριν
524 2176 596 2241 ίδδν
609 2174 666 2239 τὰν
680 2180 738 2257 πρδ
753 2175 865 2254 Κύμας·

250 2280 301 2343 οἶα
323 2281 516 2362 Συρακοσίων
538 2279 621 2363 θρχῷ
639 2279 840 2358 δαμασθέντες
864 2277 971 2354 πάθον,

251 2383 412 2463 ὠκυπόρων
434 2382 495 2447 άπὸ
517 2388 595 2446 ναῶν
617 2383 650 2447 ός
673 2387 751 2464 σφιν
773 2383 806 2446 ἐν
828 2381 927 2468 πόντιρ
949 2380 1059 2462 βάλεθ’
1081 2383 1213 2463 δλικίαν,

250 2485 376 2551 Ἑλλάδ’
400 2484 532 2566 ἐξέλκων
550 2485 676 2567 βαρείας
698 2486 845 2552 δονλείαςι

210 2626 264 2680 ὅθ.
295 2613 402 2680 Schol.
432 2614 529 2679 Pind.
558 2611 656 2698 Pyd.
683 2613 705 2678 i.
734 2628 814 2699 137:
848 2612 998 2696 Τυρσηνοὶ
1028 2616 1077 2679 καὶ
1107 2616 1316 2697 Καρχηδόνιοι,

165 2720 196 2782 οἵ
217 2721 278 2783 είσι
300 2721 450 2784 Φοινίκων
479 2718 612 2794 ἄποικοι,
633 2715 812 2799 διεμάχοντο
842 2715 916 2797 πρδς
946 2717 1107 2796 Κυμαίους·
1139 2718 1317 2797 μελλόντων

166 2823 219 2885 οδν
240 2823 332 2903 άρδην
354 2824 549 2887 ἀπόλλυσθαι
571 2829 632 2887 τῶν
654 2821 803 2901 Κυμαίων,
824 2816 923 2901 Ἱέρων
944 2818 1147 2903 συμμαχήσας
1169 2820 1238 2887 τοὺς
1261 2824 1316 2902 μὲν

82 3010 87 3019 Ι
168 2926 316 3003 Κυμαίους
335 2926 476 3004 διέσωσε,
491 2933 551 2990 τόν
564 2926 599 2989 δέ
615 2929 782 3007 Τυρσηνῦν
796 2923 865 2991 τοὺς
876 2923 1039 2990 πλείστους
1056 2924 1208 2989 άπιόλεσε.

225 3145 440 3231 Ιοεοιίρίίου
460 3167 507 3211 οτι
528 3143 648 3211 bromo
655 3143 791 3332 οδχίῃοινύ
807 3142 982 3210 dedicated
1004 3142 1045 3228 δη
1066 3143 1200 3210 Hieron
1222 3149 1260 3209 at

739 3268 824 3332 ιρια.

211 3407 266 3459 60.
290 3393 321 3457 Ι.
336 3394 371 3459 G.
385 3393 428 3458 A.
445 3410 528 3478 5103
545 3391 712 3480 Olympia,
723 3390 852 3456 Ιιυςυδτ.
868 3410 949 3476 249:
977 3391 1105 3474 Ἱάρονθ
1120 3393 1318 3473 Δεινομένεος

169 3496 176 3587 Ι
196 3496 243 3562 καὶ
259 3496 306 3562 τοὶ
322 3499 502 3576 Συρακόσιοι
522 3495 527 3578 Ι
546 3501 592 3560 τόι
608 3500 648 3559 Δὶ
662 3495 771 3576 Τυράν’
788 3496 848 3559 ἀπὸ
863 3496 975 3576 Κύμας.

543 3615 693 3680 Lenem
719 3621 937 3695 ΗΜΜἾΒΝ

338 3835 489 3918 Attempt
510 3831 550 3919 of
567 3830 699 3897 Ηίονοο
720 3837 753 3898 to
774 3853 900 3919 οοουρμ
920 3831 1145 3898 Ρδίδοίιυνοαί.

212 3995 261 4049 61.
284 3981 393 4049 ὃδηί).
409 4004 442 4045 v.
457 3999 489 4059 4.
507 4001 527 4063 9
542 3977 650 4068 (247):
675 3979 892 4060 Πιθηκούσσας
910 3977 935 4044 δ’
955 3978 1118 4062 Ἐρετριεῖς
1135 3978 1249 4065 ᾤκισαν
1269 3978 1319 4044 καὶ

168 4091 342 4166 Χαλκιδεῖς,
356 4084 577 4167 εὐτυχήσαντες
597 4081 659 4172 (δέ)
677 4083 716 4149 δι’
736 4084 898 4166 εὐκαρπίαν
919 4081 968 4147 καὶ
987 4082 1091 4148 διὰτὸ
1108 4088 1237 4168 χρυσεῖα
1254 4081 1318 4162 ἐξέ-

169 4196 261 4254 λιπον
280 4191 334 4269 τὴν
354 4193 448 4264 νήσου
466 4186 542 4252 κατὰ
563 4186 682 4265 στάσιν,
702 4188 830 4265 ὕστερον
850 4191 882 4253 δέ
903 4188 953 4251 καὶ
972 4188 1030 4251 ύπδ
1053 4193 1190 4265 σεισμῶν
1210 4184 1318 4266 ἐξελα-

169 4292 271 4359 θέντες
295 4295 343 4356 καὶ
367 4289 610 4371 άναφνσημάτωυ
630 4296 722 4373 πυρδς
739 4288 788 4355 καὶ
811 4289 961 4370 θαλάττης
984 4287 1033 4354 καὶ
1055 4295 1172 4372 θερμῶν
1193 4289 1319 4356 ὑδάτων

170 4397 235 4480 ἔχει
251 4395 308 4478 γὰρ
324 4395 460 4460 τοιαύτας
475 4395 631 4474 δποφορδς
646 4393 665 4472 ή
678 4397 781 4472 νῆσος,
795 4393 851 4475 ὑφ’
863 4396 905 4458 ὧν
922 4395 971 4460 καὶ
987 4395 1017 4458 οί
1032 4393 1222 4476 πεμφθέντες
1238 4394 1320 4472 παρὰ

168 4500 302 4583 Ἱέρωνος
325 4503 378 4563 τοῦ
399 4497 543 4580 τυράννου
564 4501 624 4560 τῶν
642 4497 835 4578 Συρακοσίων
857 4496 998 4577 ἐξέλιπον
1018 4497 1055 4564 τδ
1076 4499 1321 4564 κατασκευασθέν

711 4617 733 4663 Y
