3000 5046
148 371 206 437 σω]
508 364 841 424 BJOGRAPHICAL.
1240 381 1302 441 249

149 558 226 622 ούτω
245 563 335 637 δοκεῖ,
354 555 402 622 καὶ
425 556 463 623 δι’
478 561 530 638 ἑμὲ
549 560 691 626 πλείονες
709 566 770 626 τῶν
792 566 843 625 νῦν
866 561 1002 640 βασιλέα
1025 559 1299 642 προσκυνήσουσιν.

150 663 229 725 ὥστε
255 667 344 725 τοῦτο
369 665 462 742 μηδὲν
484 663 622 741 ἑμποδιδν
650 665 728 727 ἑστω
754 670 817 729 τοῖς
839 665 952 745 λόγοις,
977 662 1027 730 οὓς
1050 664 1202 744 βούλομαι
1226 662 1301 744 πρδς

149 766 265 828 ἐκεῖνον
280 764 405 831 είπεῖν.”
439 775 457 801 “
467 767 546 830 Τίνα
560 764 586 830 δ’
595 765 612 791 ”
630 767 713 831 εἶπεν
729 769 745 831 6
759 766 947 849 Ἀρτάβανος
963 773 984 802 “
994 766 1154 845 Ἑλλήνων
1169 768 1303 849 ἀφῖχθαί

150 893 187 932 σε
203 875 332 948 φῶμει·,·
356 869 463 952 οὐγὰρ
479 871 581 956 ῖδιότῃ
597 870 651 950 τῆν
665 873 787 954 γνώμην
806 869 934 938 ἑοικας.”
980 868 1028 934 καὶ
1045 872 1061 933 6
1078 873 1299 949 Θεμιστοκλῆς·

149 978 166 1005 “
176 971 264 1035 Τοῦτ’
276 972 369 1035 οὐκέτ’
380 971 418 1036 ἀν
428 971 444 995 ”
458 973 517 1054 ἑφη
533 979 550 1007 “
561 973 687 1038 πύθοιτό
700 1001 755 1054 τις,
766 973 949 1055 Ἀρτάβανε,
958 975 1102 1056 πρότερος
1113 971 1299 1053 βασιλέως.”

150 1075 226 1137 οὕτω
248 1075 304 1155 μὲν
326 1075 343 1138 6
365 1077 481 1141 Φανίας
504 1077 611 1157 φησίν.
649 1078 666 1139 6
682 1077 707 1141 δ’
718 1074 936 1159 Ἐρατοσθένης
952 1079 985 1141 έν
1000 1081 1062 1142 τοῖς
1078 1072 1154 1156 Περὶ
1170 1078 1301 1140 πλούτου

150 1179 387 1259 προσιστόρησε,
413 1182 462 1242 διδ
494 1185 634 1262 γυναικός
660 1180 841 1261 Ἐρετρικῆς,
868 1177 905 1258 ῆν
932 1182 949 1243 6
975 1181 1134 1263 χιλίαρχος
1161 1180 1236 1262 εἶχε,
1262 1181 1303 1264 τῷ

151 1284 360 1360 Θεμιστοκλεῖ
372 1282 427 1360 τῆν
442 1283 515 1365 πρδς
530 1283 621 1347 αὐτὸν
637 1282 771 1363 ἔντευξιν
785 1283 928 1366 γενέσθαι
945 1281 993 1347 καῖ
1009 1284 1169 1347 σύστασιν.
1309 1285 1313 1295 “

194 1385 244 1451 28.
268 1383 353 1450 Ἐπεί
377 1386 403 1450 δ’
425 1387 478 1450 ούν
500 1386 628 1472 εἰσήχθη
656 1393 728 1471 πρδς
753 1389 889 1467 βασιλέα
917 1385 964 1451 καὶ
988 1385 1200 1469 προσκυνήσας
1226 1387 1300 1466 ἑστη

151 1487 258 1575 σιωπιῆ,
277 1489 504 1572 προστάξαντος
526 1493 567 1575 τῷ
586 1496 708 1575 ἑρμηνεῖ
728 1496 780 1554 τοῦ
801 1491 960 1572 βασιλέως
982 1493 1139 1573 ἐρωτῆσαι,
1159 1492 1206 1557 τίς
1224 1492 1299 1567 έστι,

151 1592 274 1657 καὶτοῦ
297 1594 444 1675 ἑρμηνέως
467 1594 682 1677 ἐρωτήσαντος,
706 1596 799 1660 εἶπεν·
830 1597 942 1658 ““Haw
963 1620 1023 1673 σοι,
1041 1599 1183 1675 βασιλεῦ,
1204 1598 1300 1674 Θεμι-

151 1699 281 1774 στοκλῆς
305 1700 322 1761 6
344 1697 504 1778 Ἀθηναῖος
528 1700 588 1783 ἐγὼ
612 1703 710 1783 φυγάς
734 1700 786 1781 ὑφ’
807 1696 966 1777 Ἑλλήνων
988 1699 1137 1781 διωχθείς,
1159 1695 1301 1784 ᾧπολλά

149 1802 205 1880 μὲν
219 1801 379 1882 ὀφείλουσι
395 1803 513 1883 Πέρσαι
533 1802 619 1882 κακά,
639 1804 736 1868 πλείω
757 1805 790 1867 δὲ
809 1802 909 1884 ἀγαθά
927 1802 1095 1864 κωλύσαντι
1115 1802 1171 1881 τῆν
1189 1800 1301 1881 δίωξιν,

151 1904 201 1967 ὅτε
222 1907 273 1981 τῆς
288 1905 437 1972 Ἑλλάδος
456 1907 489 1970 έν
509 1907 649 1987 ἀσφαλεῖ
663 1904 828 1988 γενομένης
848 1905 983 1987 παρέσχε
999 1903 1037 1968 τά
1052 1907 1130 1968 οἶκοι
1146 1904 1302 1985 σωζόμενα

150 2007 340 2090 χαρίσασθαι’
357 2035 386 2073 τι
409 2007 457 2073 καῖ
479 2011 557 2088 ύμῖν.
603 2008 668 2090 ἐμοὶ
685 2013 741 2090 μέν
759 2009 810 2074 οὖν
826 2008 926 2073 πάντα
941 2013 1094 2089 πρέποντα
1110 2014 1174 2074 ταῖς
1189 2008 1301 2090 παρού-

152 2136 221 2177 σαις
237 2118 405 2195 συμφοραῖς
422 2116 496 2194 έστι,
510 2114 558 2177 καὶ
573 2112 857 2194 παρεσκευασμένος
869 2113 1001 2193 ἀφῖγμαι
1012 2110 1159 2190 δέξασθαί
1167 2136 1200 2174 τε
1211 2110 1302 2195 χάριν
1414 2176 1416 2179 .

152 2214 281 2295 εὐμενῶς
296 2218 551 2296 διαλλαττομένου
566 2214 615 2280 καί
631 2221 842 2299 παραιτεῖσθαι
860 2221 1114 2295 μνησικακοῦντος
1130 2214 1231 2298 ἀργήν·
1262 2214 1302 2279 οδ

152 2321 184 2380 δὲ
198 2318 267 2385 τοὺς
282 2320 371 2400 έμοὺς
387 2321 510 2405 έχθροδς
528 2320 685 2403 μάρτυρας
697 2322 820 2398 θέμενος
842 2323 883 2386 ὧν
903 2319 1085 2401 εὐεργέτησα
1102 2319 1233 2402 Πέρσας,
1248 2324 1302 2383 νύν

152 2421 325 2505 ἀπόχρησαι
346 2429 413 2490 ταῖς
435 2428 521 2504 έμαῖς
544 2425 648 2507 τύχαις
671 2430 744 2503 πρὸς
767 2423 912 2502 ἐπίδειξιν
933 2425 1039 2506 ἀρετῆς
1059 2427 1178 2504 μᾶλλον
1193 2419 1212 2501 ῆ
1227 2427 1301 2505 πρὸς

152 2523 371 2606 ἀποπλήρωσιν
382 2527 483 2608 ἀργῆς.
520 2530 633 2594 σύσεις
644 2530 698 2606 μὲν
710 2529 768 2610 γάρ
781 2529 881 2604 ἱκέτην
893 2528 957 2604 σόν,
970 2528 1093 2593 ἀπολεῖς
1106 2527 1131 2590 δ’
1144 2524 1302 2605 Ἑλλήνων

152 2629 299 2707 πολέμιον
327 2629 518 2713 γενόμενον.”
572 2632 652 2694 ταῦτ’
677 2634 770 2695 εἰπὼν
793 2633 808 2692 6
834 2634 1045 2713 Θεμιστοκλῆς
1073 2632 1232 2696 ἑπεθείασε
1259 2632 1300 2714 τῷ

152 2732 233 2816 λόγῳ
249 2736 456 2815 προσδιελθὼν
472 2736 527 2815 τῆν
542 2737 626 2816 ὄψιν,
638 2733 676 2813 ῆν
687 2735 766 2800 εἶδεν
782 2737 815 2798 έν
831 2732 1020 2817 Νικογένους,
1036 2735 1085 2798 καῖ
1099 2740 1134 2798 τὸ
1148 2733 1301 2812 μάντευμα

151 2841 204 2898 τοῦ
226 2840 409 2902 Δωδωναίου
430 2840 514 2916 Διός,
537 2839 576 2906 ὣς
600 2836 774 2906 κελευσθεὶς
801 2839 875 2922 πρὸς
897 2845 950 2903 τδν
973 2838 1130 2919 δμόνυμον
1152 2843 1205 2901 τοῦ
1232 2842 1302 2902 θεού

151 2940 288 3019 βαδίζειν
310 2941 536 3024 συμφρονήσειε
558 2942 632 3024 πρὸς
656 2946 771 3008 ἑκεῖνον
793 2943 1033 3021 ἀναπέμπεσθαι·
1071 2939 1222 3024 μεγάλους
1244 2944 1301 3024 γάρ

152 3044 339 3126 ἀμφοτέρους
355 3045 434 3110 εἶναί
446 3072 479 3111 τε
498 3045 546 3111 καὶ
565 3047 710 3129 λέγεσθαι
728 3046 889 3127 βασιλέας.
935 3047 1064 3111 ἀκούσας
1087 3045 1112 3110 δ’
1133 3047 1149 3108 6
1170 3045 1301 3126 Πέρσης,

152 3150 255 3232 έκείνῳ
274 3153 330 3229 μὲν
350 3149 434 3214 οὐδέν
453 3152 641 3232 ἀπεκρίνατο,
658 3153 765 3233 καίπερ
786 3152 942 3231 θαυμάσας
961 3157 996 3214 τδ
1016 3150 1157 3232 φρόνημα
1176 3152 1225 3213 καὶ
1247 3151 1302 3229 τῆν

152 3252 267 3332 τόλμαν
283 3255 381 3316 αὐτοῦ·
404 3256 572 3336 μακαρίσας
589 3259 622 3320 δὲ
638 3256 713 3336 πρὸς
729 3256 797 3322 τοὺς
812 3256 922 3337 φίλους
938 3255 1054 3332 ἑαυτόν,
1066 3254 1106 3320 ὡς
1121 3253 1167 3317 ἔπ’
1181 3253 1302 3338 εὐτυχίᾳ

150 3357 288 3443 μεγίστη,
303 3356 351 3422 καὶ
367 3359 584 3436 κατευξάμενος
601 3361 649 3422 ἀεὶ
663 3364 726 3426 τοῖς
742 3361 899 3438 πολεμίοις
913 3351 1051 3424 τοιαύτας
1064 3358 1176 3439 φρένας
1188 3357 1303 3421 διδόναι

152 3465 205 3523 τδν
224 3458 409 3541 Ἀριμάνιον,
431 3462 512 3526 ὅπως
534 3462 685 3527 έλαύνωσι
705 3463 773 3528 τοὺς
796 3462 935 3540 ἀρίστους
957 3459 993 3541 έξ
1015 3464 1136 3536 ἑαυτῶν,
1157 3460 1248 3522 θῦσαί
1269 3485 1303 3524 τε

152 3567 214 3628 τοῖς
238 3568 317 3630 θεοῖς
340 3563 462 3645 λέγεται
485 3567 534 3629 καὶ
552 3566 627 3648 πρὸς
645 3567 737 3630 πόσιν
756 3565 839 3630 εὐθὺς
858 3564 1026 3646 τραπέσθαι
1045 3561 1093 3627 καὶ
1113 3563 1226 3646 νύκτωρ
1243 3563 1303 3627 ὑπὸ

152 3671 248 3749 χαράς
270 3665 319 3730 διὰ
340 3668 443 3747 μέσων
465 3673 525 3731 τῶν
546 3670 648 3733 ὕπνων
669 3672 785 3749 βοῆσαι
808 3671 870 3749 τρίς
892 3667 1006 3751 “Ἕχω
1022 3665 1235 3746 Θεμιστοκλέα
1250 3667 1303 3731 τδν

152 3768 342 3849 Ἀθηναῖον.”

197 3891 248 3956 29.
267 3872 349 3954 Ἀμα
368 3875 392 3938 δ’
414 3874 509 3960 ἡμέρη
532 3877 725 3957 συγκαλέσας
744 3874 812 3942 τοὺς
834 3875 942 3954 φίλους
961 3877 1087 3957 εἰσῆγεν
1105 3873 1194 3939 αὐτὸν
1211 3876 1303 3952 μηδὲν

152 3979 313 4056 ἑλπίζοντα
328 3986 462 4062 χρηστὸν
478 3980 514 4057 έξ
527 3981 569 4044 ὧν
585 3980 663 4061 ἑύρα
678 3978 746 4046 τοὺς
761 3980 810 4043 έπί
827 3980 937 4061 θύραις,
956 3978 995 4046 ὡς
1012 3980 1158 4042 έπύθοντο
1173 3976 1303 4058 τούνομα

152 4085 300 4163 παρόντος
321 4083 420 4158 αὐτοῦ,
436 4091 579 4166 χαλεπῶς
600 4083 800 4164 διακειμένους
821 4085 870 4147 καὶ
889 4088 985 4148 κακῶς
1003 4082 1158 4164 λέγοντας.
1203 4082 1248 4146 ἑτι
1270 4083 1303 4146 δὲ

151 4182 301 4264 Ῥωξάνης
328 4189 345 4250 6
371 4190 540 4270 χιλίαρχος,
567 4187 605 4252 ὣς
629 4187 692 4250 κατ’
714 4187 804 4251 αὐτὸν
827 4187 864 4266 ἦν
886 4190 902 4251 6
926 4189 1138 4265 Θεμιστοκλῆς
1161 4184 1304 4265 πρασιάν,

153 4290 321 4368 καθημένου
345 4293 500 4372 βασιλέως
526 4293 574 4354 καὶ
599 4299 660 4358 τῶν
683 4292 789 4356 ἀλλων
811 4291 1001 4369 σιωπόντων,
1022 4291 1134 4373 ἀτρέμα
1156 4285 1304 4368 στενάξας

154 4392 240 4459 εἶπεν
266 4394 388 4476 “”οφις
410 4394 531 4472 Ἕλλην
561 4397 577 4458 6
607 4396 756 4473 ποικίλος,
781 4396 797 4457 6
823 4395 980 4473 βασιλέως
1011 4420 1048 4459 σε
1078 4395 1192 4473 δαίμων
1218 4395 1304 4472 δεῦρο

152 4496 295 4581 ῆγαγεν.”
338 4499 373 4565 ού
386 4499 446 4581 μῆν
461 4499 532 4565 ἀλλ’
547 4501 590 4566 είς
606 4501 682 4582 ὄψιν
697 4500 838 4566 ἐλθόντος
854 4497 944 4564 αύτοῢ
960 4495 1009 4562 καὶ
1026 4497 1119 4564 πάλιν
1133 4494 1304 4580 προσκυνή-
