3000 5046
210 333 231 390 6
437 334 591 393 ORIGIN
613 333 706 392 ΑΝΙ)
733 332 1059 396 ORGANIZATION
1084 332 1141 391 OF
1266 343 1327 408 [οδ.
1339 342 1363 392 1.

212 533 312 593 κλῖναι
333 527 408 610 πρὸς
427 527 496 595 τοὺς
511 525 697 606 Ἀθηναίους.
742 525 792 615 (5)
815 527 862 592 διὸ
881 525 929 592 καὶ
950 532 1013 594 τοῖς
1034 529 1090 608 μὲν
1105 528 1137 590 έκ
1156 530 1209 606 τῆς
1225 525 1364 608 Σπάρτης

212 631 415 712 πεμπομένοις
433 630 580 714 ἡγεμόσιν
600 631 698 696 οὑκέτι
718 635 896 716 προσεῖχον,
911 629 1101 713 Ἀριστείδην
1117 633 1150 695 δέ
1165 627 1365 709 θαυμάζοντες

213 737 262 800 καὶ
284 734 383 801 πάντα
403 734 562 817 προθύμως
588 736 788 803 ὑπακούοντες
813 736 963 814 ἐποίησαν
988 733 1080 818 χωρὶς
1106 733 1242 799 κινδύνου
1270 758 1364 815 παρα·

213 843 324 919 λαβεῖν
338 839 393 919 τὴν
409 836 483 903 κατὰ
498 837 651 903 θάλατταν
665 836 771 923 άρχύν.

257 985 314 1041 20.
337 974 418 1041 Hdt.
435 973 505 1040 viii.
522 995 552 1061 3.

258 1122 307 1176 21.
329 1111 417 1176 Plut.
427 1111 535 1178 Ατύςί.
547 1130 587 1198 23
599 1137 607 1178 ε
623 1109 711 1177 Ἐπεὶ
722 1114 755 1177 δέ
766 1111 933 1195 στρατηγὸς
945 1109 1129 1193 ἐκπεμφθεὶς
1139 1114 1216 1194 μετὰ
1228 1112 1366 1193 Κίμωνος

215 1213 265 1282 έπῖ
284 1215 338 1282 τδν
358 1216 495 1295 πόλεμον
510 1219 587 1300 έῶρα
607 1216 659 1281 τόν
674 1240 707 1281 τε
723 1217 902 1280 Παυσανίαν
923 1213 971 1280 καί
992 1214 1060 1283 τοὺς
1081 1216 1197 1283 άλλους
1217 1215 1366 1300 άρχοντος

215 1325 275 1385 τῶν
289 1324 485 1403 Σπαρτιατῶν
500 1320 643 1411 ἐπαχθεῖς
663 1318 711 1385 καὶ
730 1319 883 1404 χαλεποὺς
899 1324 963 1386 τοῖς
978 1318 1148 1404 συμμάχοις
1164 1322 1264 1398 ὄντας,
1279 1320 1366 1387 αὑτός

214 1449 249 1490 τε
269 1422 371 1508 πρᾴως
391 1421 440 1488 καὶ
461 1406 684 1506 φιλανθρῶπως
705 1424 819 1501 ὁμιλῶν
840 1421 890 1488 καὶ
907 1423 960 1488 τὸν
976 1424 1099 1505 Κίμωνα
1120 1424 1260 1508 παρέχων
1280 1424 1366 1506 εὑάρ·

215 1551 330 1608 μοστον
345 1527 444 1595 αὑτοῖς
461 1525 509 1592 καῖ
525 1533 627 1594 κοινδν
641 1529 673 1592 έν
689 1533 754 1595 τοῖς
768 1529 939 1611 στρατείαις
951 1528 1043 1593 έλοθε
1054 1533 1114 1592 τῶν
1125 1529 1368 1608 Λακεδαιμονίων

217 1631 273 1716 οὑχ
288 1632 396 1698 ὅπλοις
411 1631 479 1695 οὑδὲ
495 1633 602 1697 ναυσὶν
618 1628 680 1696 οὐδ’
691 1633 804 1707 ἵπποις,
818 1631 1030 1719 εὐγνωμοσύνῃ
1046 1635 1077 1696 δὲ
1095 1629 1144 1696 καὶ
1158 1634 1299 1718 πολιτείη
1313 1632 1369 1712 τὴν

216 1733 380 1817 ἡγεμονίαν
395 1736 610 1817 παρελόμενος.
649 1739 833 1817 προσφιλεῖς
848 1739 906 1820 γάρ
922 1737 1011 1803 ὄντας
1026 1735 1095 1803 τοὺς
1109 1735 1288 1816 Ἀθηναίους
1305 1741 1369 1803 τοῖς

213 1835 351 1917 Ἕλλησι
365 1838 417 1903 διὰ
431 1839 486 1917 τὴν
498 1836 688 1921 Ἀριστείδου
703 1839 895 1918 δικαιοσύνην
910 1840 959 1903 καὶ
981 1839 1034 1919 τὴν
1050 1841 1188 1921 Κίμωνος
1207 1840 1369 1906 έπιείκειαν

219 1941 264 2005 έτι
278 1946 399 2022 μάλλον
413 1941 432 2020 ἡ
445 1947 498 2006 τοὺ
510 1945 687 2008 Παυσανίου
702 1941 866 2022 πλεονεξία
880 1944 929 2008 καὶ
944 1943 1077 2024 βαρύτης
1092 1943 1249 2011 ποθεινοὺς
1264 1945 1369 2009 έποίει.

218 2050 281 2112 τοῖς
303 2070 337 2111 τε
358 2048 416 2129 γάρ
436 2045 565 2131 άρχονσι
586 2053 645 2111 τῶν
664 2045 831 2130 συμμάχων
852 2043 900 2111 άεὶ
921 2044 987 2127 μετ’
1006 2048 1098 2130 ὀργῆς
1117 2048 1298 2131 ἐνετύγχανε
1321 2045 1369 2111 καὶ

219 2148 362 2234 τραχέως,
388 2150 457 2219 τούς
487 2176 520 2215 τε
550 2149 687 2218 πολλοὺς
717 2151 842 2229 ἐκόλαζε
872 2155 1004 2233 πληγαῖς
1033 2148 1052 2230 ἦ
1083 2156 1211 2234 σιδηρῶν
1238 2150 1370 2234 ἄγκυραν

220 2255 364 2320 έπιτιθεὶς
386 2253 552 2336 ἠνάγκαζεν
574 2253 699 2320 ἑστάναι
723 2253 760 2319 δι’
778 2255 852 2333 ὅλης
874 2256 928 2333 τῆς
949 2254 1070 2338 ἡμέρας.
1115 2254 1249 2335 στιβάδα
1271 2253 1296 2319 δ’
1318 2256 1370 2320 οὑκ

219 2355 258 2438 ἦν
279 2364 391 2440 λαβεῖν
415 2358 482 2423 οὑδὲ
504 2359 615 2441 χόρτον
637 2359 705 2423 οὑδὲ
728 2357 820 2447 κρήνῃ
843 2363 1027 2441 προσελθεῖν
1046 2359 1242 2440 ὑδρευόμενον
1264 2356 1371 2422 οὐδένα

220 2467 279 2544 πρὸ
293 2470 353 2526 τῶν
368 2466 573 2541 Σπαρτιατῶν,
589 2461 671 2527 ἀλλὰ
685 2462 835 2546 μάστιγας
850 2464 972 2547 ἔχοντες
986 2461 1130 2545 ὑπηρέται
1145 2462 1214 2529 τοὺς
1228 2462 1371 2543 προσιόν-

220 2592 258 2631 τα
297 2565 483 2646 άπήλαυνον.
528 2568 602 2649 ὑπὲρ
624 2569 667 2633 ῶν
689 2572 742 2632 τοὺ
765 2565 953 2650 Ἀριστείδου
975 2566 1041 2632 ποτ’
1065 2567 1231 2649 ἐγκαλέσαι
1257 2564 1305 2631 καί
1329 2572 1372 2631 δι·

220 2668 309 2750 δόξαι
331 2670 521 2751 βουλομένου
543 2672 724 2755 συναγαγὼν
747 2671 780 2736 τὸ
803 2672 969 2752 πρόσωπον
992 2674 1008 2736 δ
1031 2672 1210 2739 Παυσανίας
1236 2671 1288 2735 οὑκ
1312 2670 1371 2751 ἔφη

223 2775 388 2859 σχολάζειν
416 2773 475 2839 οὐδ’
502 2772 640 2854 ἤκουσεν.
685 2777 718 2839 έκ
747 2774 853 2840 τούτου
882 2775 1062 2857 προσιόντες
1091 2777 1121 2839 οἱ
1149 2774 1293 2857 ναύαρχοι
1323 2771 1370 2839 καὶ

223 2876 385 2961 στρατηγοὶ
405 2883 464 2943 τῶν
483 2875 652 2958 Ἑλλήνων,
666 2877 804 2959 μάλιστα
825 2883 858 2945 δὲ
877 2883 949 2944 Χῖοι
971 2880 1018 2944 καὶ
1038 2878 1148 2961 Σάμιοι
1169 2876 1217 2943 καῖ
1232 2878 1372 2959 Λέσβιοι,

223 2988 276 3047 τδν
297 2979 487 3064 Ἀριστείδην
509 2982 632 3048 ἔπειθον
654 2981 857 3062 ἀναδέξασθαι
880 2983 935 3064 τὴν
955 2983 1121 3065 ἡγεμονίαν
1146 2985 1194 3049 καὶ
1219 3008 1372 3066 προσαγα-

222 3087 332 3171 γέσθαι
346 3084 415 3152 τοὺς
429 3084 605 3171 συμμάχους
624 3085 721 3151 πάλαι
742 3086 899 3167 δεομένους
917 3089 1132 3172 ὑπαλλαγῆναι
1147 3093 1207 3159 τῶν
1222 3091 1372 3168 Σπαρτια-

223 3196 284 3255 τῶν
312 3192 361 3255 κοὶ
390 3188 615 3270 μετατάξασθαι
644 3196 718 3272 πρὸς
747 3191 816 3259 τοὺς
845 3192 1032 3271 Ἀθηναίους.
1078 3189 1313 3273 ἆποκριναμένου
1346 3187 1372 3254 δ’

223 3296 340 3360 έκείνον
355 3299 417 3361 τοῖς
431 3297 488 3375 μὲν
502 3295 605 3378 λόγοις
621 3296 719 3360 αὑτῶν
734 3297 769 3359 τό
783 3322 816 3361 τε
832 3297 996 3376 ἀναγκαῖον
1011 3297 1118 3378 ένορᾶν
1134 3297 1183 3361 καῖ
1200 3296 1235 3359 τὸ
1251 3295 1373 3367 δίκαιον,

225 3398 313 3480 ἔργον
342 3399 374 3463 δὲ
405 3403 524 3463 δεῖσθαι
550 3399 605 3478 τὴν
632 3401 746 3481 πίστιν,
771 3400 788 3464 δ
814 3404 951 3484 πραχθέν
975 3400 1027 3464 οὑκ
1054 3400 1139 3465 έόσει
1165 3399 1260 3465 πάλιν
1282 3422 1372 3476 μετα-

224 3502 380 3583 βαλέσθαι
400 3502 468 3569 τοὺς
488 3504 635 3583 πολλούς,
651 3506 743 3571 οὑτως
759 3507 788 3568 οἱ
809 3502 877 3588 περὶ
891 3510 945 3569 τδν
960 3503 1075 3585 Σάμιον
1090 3503 1244 3578 Οὑλιάδςν
1259 3500 1307 3566 καὶ
1321 3507 1374 3566 τδν

225 3610 303 3671 Χῖον
315 3606 501 3690 Ἀνταγόραν
514 3609 754 3690 συνομοσάμενοι
770 3611 839 3692 περὶ
856 3610 1019 3687 Βυζάντιον
1034 3608 1246 3689 ἐμβάλλουσιν
1261 3609 1304 3674 είς
1319 3606 1375 3686 τὴν

225 3709 329 3793 τριήρη
352 3715 404 3774 τοὺ
427 3714 614 3793 Παυσανίου,
637 3713 888 3796 προεκπλέουσαν
911 3714 944 3777 έν
966 3713 1050 3799 μέσιρ
1075 3712 1235 3792 λαβόντες.
1280 3711 1320 3778 ὧς
1342 3713 1374 3776 δέ

227 3816 356 3880 κατιδὼν
366 3817 480 3883 έκεῖνος
495 3814 638 3898 έξανέστη
655 3817 703 3883 καὶ
717 3815 782 3900 μετ’
795 3820 887 3900 ύργῆς
902 3817 1069 3897 ἠπείλησεν
1084 3818 1178 3902 ὀλίγῳ
1193 3816 1291 3901 χρόνῳ
1306 3813 1375 3883 τοὺς

227 3919 336 4000 δνδρας
352 3918 512 3998 ἐπιδείξειν
527 3920 579 3984 οὑκ
596 3924 639 3989 είς
654 3922 711 4002 τὴν
726 3922 817 3986 αὑτοὺ
831 3927 904 3987 ναῦν
918 3921 1163 4003 έμβεβληκότας,
1176 3917 1245 3984 ἀλλ’
1263 3922 1306 3986 είς
1322 3917 1375 3986 τάς

227 4019 305 4085 ίδίας
326 4021 478 4100 πατρίδας,
495 4021 633 4086 ἐκέλευον
648 4023 737 4085 αὑτὸν
753 4022 872 4089 άπιέναι
892 4022 940 4086 καὶ
960 4023 1081 4105 δγαπᾶν
1096 4021 1151 4101 τὴν
1166 4044 1375 4099 συναγωνισα-

226 4121 321 4203 μένην
336 4121 430 4207 τύχην
446 4124 479 4187 έν
495 4127 674 4192 Πλαταιαῖς·
700 4127 818 4204 έκείνην
832 4126 890 4209 γάρ
911 4127 956 4191 έτι
976 4125 1044 4192 τοὺς
1055 4123 1212 4203 Ἕλληνας
1232 4125 1376 4206 αἰσχυνο-

227 4227 334 4307 μένους
357 4226 398 4308 μὺη
422 4227 592 4309 λαμβάνειν
615 4228 704 4309 ἀξίαν
724 4231 809 4308 δίκην
829 4230 897 4312 παρ’
914 4230 1012 4295 αὑτοῦ·
1036 4229 1123 4298 τέλος
1147 4229 1173 4294 δ’
1188 4228 1377 4294 ἀποστάντες

229 4329 345 4417 ᾤχοντο
360 4329 432 4407 πρὸς
448 4332 515 4399 τοὺς
532 4330 716 4411 Ἀθηναίους.

274 4479 328 4534 22.
351 4466 405 4534 Ιιί.
430 4469 516 4535 θύων.
540 4472 579 4537 6:
611 4469 700 4537 Ἐπεὶ
723 4475 755 4536 δέ
780 4471 894 4552 Μήδων
914 4474 1074 4556 φυγόντων
1096 4473 1128 4537 έκ
1151 4474 1204 4550 τῆς
1223 4468 1377 4537 Ἑλλάδος
