3000 5046
169 351 206 393 10
390 335 542 394 ORIGIN
565 334 658 392 ΛΝΒ
686 332 1013 393 ORGANIZATION
1038 333 1095 391 OF
1221 342 1320 407 [ont

169 531 334 615 γενομένου
357 532 407 595 καὶ
429 534 625 608 πολυτελοῦς,
643 529 682 596 ὡς
704 529 758 594 τδυ
780 532 874 609 δῆμον
897 531 939 597 είς
962 531 1103 607 διανομὰς
1124 529 1174 593 καὶ
1194 529 1321 610 θεωρικὰ

171 637 221 701 καὶ
245 637 432 701 κατασκευδς
453 632 635 716 ἀγαλμάτων
658 631 708 698 καὶ
731 635 818 714 ίερῶν
841 634 1073 717 προαγαγόντες.
1092 683 1099 698 .
1117 681 1124 696 .
1141 679 1149 695 .
1165 629 1236 719 (25)
1257 634 1274 696 δ
1296 632 1321 696 δ’

169 738 360 822 Ἀριστείδης
389 738 501 819 ὥρκισε
536 740 592 818 μὲν
622 737 693 804 τοὺς
721 736 879 816 ’Έλληνας
915 738 963 802 καὶ
998 739 1118 818 ὤμοσεν
1152 740 1228 817 ὑπὲρ
1262 743 1322 801 τῶν

171 843 348 923 Ἀθηναίων,
375 842 503 923 μύδρους
532 842 677 922 ἐμβαλὼν
706 840 756 905 ἐπὶ
788 847 853 910 ταῖς
882 843 968 922 δραῖς
998 843 1041 909 είς
1072 841 1128 921 τὴν
1160 839 1322 918 θάλατταν,

171 948 300 1030 ὕστερον
319 948 352 1010 δέ
372 951 431 1010 τῶν
448 944 631 1028 πραγμάτων
650 945 756 1030 άρχειν
775 945 1019 1029 ἐγκρατέστερον,
1035 948 1075 1013 ὡς
1093 945 1199 1023 ἔοικεν,
1214 946 1321 1024 έκβια·

174 1050 305 1133 ζομένων
320 1049 441 1116 ἐκέλευε
458 1049 525 1116 τοὺς
540 1048 716 1128 Ἀθηναίους
733 1048 788 1130 τὴν
804 1051 959 1132 ἐπιορκίαν
978 1048 1149 1133 τρέψαντας
1170 1051 1213 1116 είς
1233 1047 1323 1112 αὐτὸν

172 1153 192 1242 ᾗ
207 1153 357 1237 συμφέρει
372 1157 504 1236 χρῆσθαι
521 1157 584 1220 τοῖς
597 1152 764 1236 πράγμασι.

215 1294 267 1348 41.
290 1281 435 1347 Aristod.
453 1280 510 1347 vii.
528 1280 577 1370 (F.
588 1280 632 1346 H.
646 1280 683 1347 G.
699 1303 730 1346 v.
750 1279 821 1369 10):
846 1281 904 1347 Kal
925 1284 1017 1349 οὕτως
1036 1281 1166 1365 ἤρξαντο
1184 1280 1324 1347 πάλινοὶ

172 1385 330 1466 Ἀθηναῖοι
346 1386 457 1467 φόρους
478 1385 688 1467 λαμβάνοντες
709 1385 863 1466 αὔξεσθαι·
888 1391 958 1453 νοῦς
979 1411 1012 1451 τε
1029 1389 1087 1469 γάρ
1108 1385 1325 1464 κατεσκεύαζον

174 1491 235 1577 [καὶ
254 1491 354 1555 κοινδν
370 1497 430 1556 τῶν
444 1488 635 1570 Ἑλληνικῶν
649 1489 820 1573 χλρημάτων
835 1489 1121 1574 θησαυροφυλάκιον
1140 1487 1325 1570 ἐποιήσαντο

175 1599 209 1663 έν
225 1593 328 1680 Δήλῳ,
345 1594 398 1681 [είς
415 1592 511 1679 δ,κατ’
526 1595 593 1661 ἔτος
612 1597 744 1678 συνῆγον
757 1593 804 1675 υέ
819 1594 973 1679 τάλῙαντο.

219 1726 274 1780 42.
299 1714 397 1780 Corn
413 1713 496 1800 Nep.
510 1712 617 1779 Arioi.
635 1732 674 1780 a:
697 1714 813 1801 Neque
828 1714 922 1781 aliud
936 1721 988 1780 est
1003 1713 1109 1779 ullum
1123 1713 1223 1779 huius
1238 1713 1275 1779 in
1290 1734 1325 1779 re

176 1820 314 1886 militari
334 1819 465 1885 illustre
487 1819 613 1885 factum
631 1842 731 1906 quam
751 1821 821 1887 eius
840 1821 973 1909 imperii
993 1821 1161 1899 memoria,
1176 1819 1327 1885 iustitiae

175 1946 254 1991 vero
270 1929 305 1990 et
323 1923 503 2010 aequitatis
520 1932 554 1989 et
571 1923 778 1990 innocentiae
799 1925 914 2001 multa,
934 1925 969 1989 in
987 1924 1104 2012 primis
1119 1912 1207 2010 quod
1227 1923 1327 1988 huius

176 2029 345 2116 aequitate
366 2024 493 2093 factum
515 2032 572 2107 ast,
594 2049 669 2094 cum
692 2028 728 2093 in
748 2028 916 2094 communi
938 2028 1042 2095 classe
1065 2033 1152 2094 esset
1174 2026 1328 2093 Graeciae

176 2132 277 2200 simul
302 2154 378 2198 cum
404 2132 569 2198 Pausania
595 2132 670 2218 [quo
698 2133 781 2198 duce
804 2132 996 2199 Mardonius
1019 2139 1090 2198 arat
1112 2129 1266 2218 fugatus],
1288 2137 1328 2196 ut

177 2258 309 2303 summa
333 2236 465 2322 imperii
490 2235 652 2307 maritimi
677 2237 720 2303 ab
742 2236 1008 2303 Lacedaemoniis
1030 2237 1264 2302 transferretur
1285 2235 1328 2300 ad

177 2340 414 2407 Athenienses:
437 2362 579 2426 namque
601 2347 679 2406 ante
696 2341 733 2407 id
752 2348 885 2427 tempus
907 2346 942 2406 et
961 2339 1047 2406 mari
1068 2346 1102 2406 et
1122 2346 1211 2404 terra
1231 2339 1329 2405 duces

178 2450 274 2511 erant
289 2443 547 2510 Lacedaemonii.
591 2450 663 2509 tum
684 2452 795 2511 autem
817 2452 850 2511 et
868 2444 1126 2530 intemperantia
1146 2443 1329 2509 Pausaniae

178 2555 213 2616 et
227 2548 357 2614 iustitia
369 2548 494 2614 sactum
509 2555 560 2613 est
571 2548 741 2628 Aristidis,
754 2556 791 2615 ut
806 2571 919 2616 omnes
930 2548 996 2615 fere
1007 2548 1161 2615 civitates
1173 2546 1330 2614 Graeciae

179 2653 222 2719 ad
242 2651 499 2717 Atheniensium
523 2652 714 2718 societatem
737 2675 772 2720 se
792 2653 998 2740 applicarent
1019 2659 1054 2719 et
1074 2653 1233 2719 adversus
1255 2651 1329 2717 bar-

180 2756 277 2823 baros
303 2755 364 2822 hos
391 2755 490 2822 duces
517 2755 699 2843 deligerent
728 2758 803 2823 sibi.
850 2756 897 2846 (3)
921 2779 1003 2843 quos
1029 2779 1094 2843 quo
1120 2756 1251 2822 facilius
1280 2778 1330 2821 re·

179 2855 352 2943 pellerent,
382 2857 412 2922 si
443 2854 528 2922 forte
559 2856 683 2922 bellum
712 2879 871 2924 renovare
901 2864 1107 2934 conarentur,
1138 2857 1182 2922 ad
1211 2855 1331 2922 classes

180 2959 403 3027 aedificandas
442 2961 670 3048 exercitusque
708 2961 945 3048 comparandos
978 2967 1141 3046 quantum
1173 2959 1332 3046 pecuniae

181 3085 330 3151 quaeque
349 3063 470 3129 civitas
486 3065 588 3142 daret,
604 3065 771 3131 Aristides
792 3065 938 3132 delectus
958 3065 1084 3151 estqui
1104 3063 1331 3137 constitueret,

183 3168 321 3255 eiusque
347 3168 486 3234 arbitrio
509 3169 734 3255 quadringena
760 3176 794 3235 et
820 3191 984 3256 sexagena
1007 3168 1134 3234 talenta
1154 3168 1332 3255 quotannis

182 3272 304 3338 Delum
327 3277 408 3338 sunt
429 3272 566 3339 collata:
596 3273 631 3338 id
654 3274 742 3340 enim
766 3295 938 3339 commune
959 3272 1125 3338 aerarium
1147 3294 1217 3338 esse
1240 3272 1333 3337 volu-

181 3384 288 3444 erunt
324 3398 409 3463 quae
424 3378 531 3442 omnis
546 3376 687 3465 pecunia
703 3383 834 3465 postero
846 3383 993 3463 tompore
1007 3377 1156 3442 Athenas
1170 3376 1334 3442 translata

182 3487 242 3547 est.
288 3480 343 3547 hic
363 3502 430 3567 qua
450 3477 551 3546 fuerit
572 3481 785 3564 abstinentia,
803 3481 933 3547 nullum
953 3487 1005 3546 est
1027 3481 1150 3545 certius
1171 3480 1333 3546 indicium

183 3605 285 3671 quam
299 3585 399 3670 quod,
413 3606 489 3650 curn
508 3585 613 3650 tantis
633 3585 732 3652 rebus
752 3585 957 3674 praefuisset,
972 3585 1009 3648 in
1024 3589 1120 3650 tauta
1137 3589 1334 3672 paupertate

184 3689 332 3767 decessit,
346 3689 456 3776 utqui
471 3689 640 3756 efferretur
654 3689 714 3754 vix
729 3689 910 3776 reliquerit.

228 3821 283 3876 48.
306 3811 407 3876 Thuc.
424 3835 456 3878 v.
473 3812 523 3876 18.
539 3829 567 3896 5

228 3942 284 3996 44.
308 3932 477 3999 Demosth.
502 3951 541 4019 23
565 3932 604 3998 ιἰι
629 3931 791 3997 Aristocr.
818 3950 897 4015 209:
922 3934 1001 3998 Τότε
1022 3934 1079 4015 μὲν
1099 3931 1158 4015 γὰρ
1180 3935 1221 4018 τῷ
1246 3932 1334 4016 κυρίῳ

185 4043 246 4102 τῶν
271 4039 375 4120 φόρων
400 4037 552 4124 γενομένῳ
576 4036 662 4116 τάξαι
685 4036 857 4124 Ἀριστείδῃ
884 4037 1008 4123 οὗδεμίῳ
1032 4038 1150 4123 δραχμῇ
1176 4038 1270 4101 πλείω
1297 4036 1335 4099 τὰ

185 4141 358 4225 ὑπάρχοντα
373 4143 503 4226 ἐγένετο,
520 4141 602 4207 ἀλλὰ
618 4144 666 4206 καὶ
682 4140 894 4222 τελευτήσαντ’
910 4142 1000 4208 αιἰτδν
1015 4142 1132 4226 ἔθαψεν
1146 4141 1164 4222 ἡ
1181 4142 1281 4207 πόλις.

230 4274 285 4327 45.
307 4262 423 4329 Aesch.
453 4263 496 4328 διν
526 4262 605 4328 Otos.
637 4262 718 4348 258:
756 4262 950 4345 Ἀριστείδην
981 4265 1014 4328 δὲ
1044 4269 1097 4328 τδν
1127 4262 1194 4331 τοὺς
1224 4262 1336 4344 φόρους

187 4366 318 4446 τάξαντα
334 4373 397 4436 τοῖς
408 4366 572 4447 Ἕλλησιν,
588 4367 622 4431 οὗ
642 4367 880 4446 τελευτήσαντος
896 4371 950 4435 τὰς
970 4366 1132 4452 θυγατέρας
1154 4365 1300 4446 ἐξέδωκεν
1319 4367 1336 4429 δ

186 4474 287 4551 δῆμος.
