3000 5046
154 364 295 431 loo-11⁶3
473 357 558 415 THE
586 357 797 415 WESTERN
820 357 997 418 GREEKS.

157 547 227 636 (10)
242 557 277 615 τδ
293 553 326 615 δέ
341 551 443 633 ἕτερον
457 550 540 632 λέγει
556 558 616 616 τῶν
631 551 872 634 ἐπιγραμμάτων·

329 657 403 722 Tlos
425 655 482 735 μέν
501 680 540 734 με
563 656 704 721 Μίκωνος
727 655 855 722 Ὀνάτας
878 654 1078 736 ἐξετέλεσσεν

373 757 457 843 νόσῳ
481 760 514 823 ἐν
536 759 645 845 Αἰγίνη
668 758 789 838 δώματα
810 759 966 824 ναιετάων.

200 876 265 932 113.
289 866 528 934 Id.vi.12.12
561 870 702 948 Πλησίον
723 872 756 933 δέ
779 870 857 949 θρμα
879 869 912 933 τέ
930 872 996 934 ἐστι
1017 876 1153 954 χαλκοῦν
1171 873 1220 936 καί
1236 873 1310 954 ἀνὴρ

155 972 358 1054 ἀναβεβηκὼς
373 973 418 1037 ἐπ’
435 974 516 1052 αιἰτό,
532 974 655 1051 κέλητες
671 975 704 1037 δέ
719 976 807 1039 ἰπποι
827 977 909 1056 παρὰ
924 974 958 1038 τδ
974 974 1053 1055 θρμα
1068 976 1112 1041 εἰς
1128 973 1309 1056 ἑκατέρωθεν

156 1075 273 1153 έστηκε,
302 1073 351 1140 καί
376 1079 508 1142 ἐπὶτῶν
535 1082 637 1141 ίππων
662 1077 839 1155 καθέζονται
864 1082 979 1145 παῖδες.
1026 1073 1105 1165 [See
1129 1078 1234 1143 above
1261 1075 1307 1165 5.]

156 1226 164 1240 .
181 1228 189 1243 .
206 1225 213 1240 .
231 1180 305 1261 έργα
320 1178 361 1257 δέ,
377 1187 412 1244 τὸ
427 1183 483 1262 μέν
496 1180 613 1245 Ὀνάτα
633 1186 686 1245 τοῦ
709 1178 873 1262 Αἰγινήτου
887 1187 922 1244 τδ
937 1181 1025 1263 θρμα,
1041 1181 1216 1262 Καλάμιδος
1232 1185 1265 1247 δέ
1280 1186 1309 1248 οἰ

154 1284 243 1347 ἰπποι
259 1309 291 1348 τε
307 1287 334 1348 οἰ
351 1283 534 1366 ἑκατέρωθεν
551 1285 598 1349 καί
618 1282 665 1348 ἐπ’
679 1285 776 1348 αὐτῶν
792 1282 872 1350 εἰσίν
887 1287 916 1348 οἰ
932 1289 1046 1351 παῖδες.

470 1444 537 1508 His
558 1442 762 1509 Dedication
783 1448 820 1508 at
841 1442 993 1529 Delphoi.

199 1575 266 1630 114.
288 1565 411 1629 Athen.
428 1565 474 1630 vi.
492 1564 597 1650 231f:
633 1565 724 1647 Λέγει
750 1563 774 1629 δ’
798 1565 891 1630 οότως
915 1566 932 1628 ό
955 1567 1141 1644 Θεόπομπος
1155 1565 1223 1654 (fr.
1247 1586 1309 1652 219

155 1668 192 1731 F.
212 1667 257 1731 H.
277 1667 314 1732 G.
330 1669 351 1734 i.
368 1667 454 1754 314).
477 1715 485 1731 .
504 1718 511 1733 .
529 1717 537 1734 .
553 1665 694 1755 (232a):
727 1666 824 1748 ιἀέρων
840 1667 865 1731 δ’
883 1669 899 1730 ὁ
916 1669 1101 1751 Συρακόσιος
1119 1671 1309 1751 βουλόμενος

156 1774 310 1837 ἀναθεῖναι
324 1770 367 1857 τῷ
387 1775 445 1858 θεῷ
462 1779 514 1837 τδν
534 1774 660 1854 τρίποδα
676 1773 725 1835 καὶ
739 1771 796 1850 την
811 1772 910 1851 Νίκην
925 1770 962 1852 έξ
975 1771 1116 1854 ἀπέφθου
1129 1780 1244 1856 χρυσοῦ
1259 1772 1309 1839 ἐπί

156 1876 253 1940 πολὺν
270 1878 381 1960 χρόνον
403 1876 524 1957 ἀπορῶν
545 1877 672 1959 χρυσίου
694 1876 814 1955 έπεμψε
836 1873 904 1941 τοὺς
925 1875 1166 1955 ἀναζητήσοντας
1189 1880 1233 1944 εἰς
1255 1878 1309 1957 τὴν

154 1976 300 2042 Ἑλλάδα·
335 1981 445 2046 οἰτινες
466 1981 557 2060 μόλις
578 1979 645 2043 ποτ’
666 1982 709 2045 εἰς
729 1980 877 2062 Κόρινθον
900 1980 1079 2060 ἀφικόμενοι
1101 1980 1151 2045 καὶ
1174 1979 1308 2065 ἐξιχνεύ-

157 2108 265 2148 σαντες
280 2082 366 2165 εὗρον
381 2082 449 2165 παρ’
465 2082 636 2166 Ἀρχιτέλει
652 2083 692 2168 τῷ
708 2083 867 2168 Κορινθίῳ,
882 2092 968 2147 κ.τ.λ.

201 2184 263 2249 See
278 2185 384 2251 above
402 2197 524 2251 23-26.

364 2391 518 2461 Akragas
540 2391 629 2450 atter
650 2391 708 2448 the
731 2389 980 2458 Karthaginien
1000 2391 1094 2448 war.

199 2511 267 2565 115.
289 2499 385 2567 Diod.
402 2501 448 2569 κά
465 2516 515 2584 25.
533 2521 572 2570 2:
602 2505 642 2567 Αί
664 2505 698 2567 δέ
720 2502 827 2568 πόλεις
848 2504 890 2568 εἰς
913 2502 1006 2569 πέδας
1029 2501 1216 2581 κατέστησαν
1239 2505 1309 2571 τοὺς

156 2606 356 2686 διαιρεθέντος
380 2608 601 2690 αἰχμαλώτους,
625 2603 673 2671 καί
699 2603 736 2669 τὰ
759 2609 890 2686 δημόσια
916 2613 976 2672 τών
1003 2606 1099 2689 έργων
1122 2605 1173 2670 διὰ
1195 2609 1309 2672 τούτων

155 2710 366 2787 ἐπεσκεύαζον.
411 2711 574 2777 πλείστους
601 2713 634 2774 δέ
656 2710 806 2791 λαβόντες
827 2708 1055 2792 Ἀκραγαντῖνοι
1081 2709 1137 2788 τήν
1160 2735 1193 2773 τε
1216 2714 1309 2775 πόλιν

156 2813 252 2876 αὐτῶν
279 2816 328 2877 καί
352 2815 408 2894 την
431 2816 534 2896 χώραν
560 2815 744 2894 ἐκόσμησαν
781 2816 928 2878 τοσοῦτον
953 2815 1011 2896 γάρ
1033 2812 1102 2894 παρ’
1126 2813 1226 2879 αι’ντοῖς
1248 2823 1309 2881 τῶν

154 2915 318 2994 ἡλωκότων
342 2916 379 2996 ἦν
401 2924 435 2982 τδ
458 2920 584 2997 πλῆθος,
611 2919 693 2982 ὥστε
716 2916 851 2982 πολλοὺς
877 2922 936 2981 τῶν
961 2918 1086 2981 ἰδιωτῶν
1111 2915 1180 2997 παρ’
1207 2917 1308 2984 αὐτοῖς

156 3021 240 3103 ἔχειν
269 3022 424 3102 δεσμώτας
454 3023 678 3086 πεντακοσίους.
732 3019 922 3098 συνεβάλετο
952 3019 1011 3102 γάρ
1041 3020 1140 3086 αὐτοῖς
1170 3026 1244 3102 πρὸς
1273 3029 1308 3085 τὸ

155 3125 272 3200 πλῆθος
298 3130 358 3188 τῶν
383 3126 583 3209 αἰχμαλώτων
609 3125 643 3187 οὐ
668 3125 762 3203 μόνον
785 3125 831 3186 ότι
857 3123 993 3190 πολλοὺς
1024 3123 1208 3204 στρατιώτας
1232 3125 1306 3188 ἀπε-

155 3227 321 3292 σταλκότες
352 3226 430 3306 ἦσαν
460 3230 510 3292 ἐπὶ
542 3228 597 3308 τὴν
624 3226 736 3311 μάχην,
766 3228 848 3290 ἆλλδ
875 3229 925 3291 καὶ
954 3227 1032 3290 διότι
1061 3226 1224 3308 γενομένης
1254 3231 1307 3305 τῆς

155 3332 266 3408 τροπῆς
302 3328 413 3394 πολλοί
450 3335 510 3395 τῶν
540 3332 714 3412 φευγόντων
744 3333 788 3396 εἰς
824 3329 878 3409 τὴν
906 3331 1069 3412 μεσόγειον
1099 3331 1307 3413 ἀνεχώρησαν,

153 3431 290 3512 μάλιστα
304 3439 337 3497 δὲ
357 3435 400 3499 εἰς
422 3433 477 3513 τὴν
490 3430 739 3516 Ἀκραγαντίνων,
759 3436 801 3497 ὧν
823 3432 964 3498 ἀπάντων
985 3435 1043 3496 ὑπὸ
1066 3439 1127 3498 τῶν
1141 3431 1306 3515 Ἀκραγαν-

155 3537 246 3599 τίνων
269 3535 480 3619 ζωγρηθέντων
503 3536 647 3619 έγεμευὴ
671 3537 761 3602 πόλις
782 3540 842 3600 τῶν
861 3536 1049 3602 ἑαλωκότων.
1086 3533 1134 3623 (3)
1152 3538 1307 3602 πλείστων

155 3641 188 3703 δέ
208 3642 252 3706 εἰς
269 3646 303 3702 τδ
318 3640 466 3719 δημόσιον
482 3642 715 3723 ἀνενεχθέντων,
735 3640 816 3704 οὗτοι
835 3642 890 3718 μὲν
910 3638 978 3704 τοὺς
1001 3639 1104 3704 λίθους
1121 3641 1254 3718 ἔτεμνον,
1270 3642 1308 3720 έξ

155 3745 196 3807 ὧν
227 3744 261 3807 οὐ
286 3744 379 3825 μόνον
405 3746 434 3808 οἰ
459 3743 599 3827 μέγιστοι
625 3752 686 3810 τῶν
710 3748 788 3809 θεῶν
812 3741 878 3808 ναοί
901 3741 1199 3821 κατεσκευάσθησαν,
1224 3745 1307 3807 ἀλλὰ

157 3850 206 3913 καὶ
228 3854 302 3930 πρὸς
324 3848 378 3914 τὰς
400 3854 460 3913 τῶν
481 3848 599 3912 ὑδάτων
629 3851 661 3913 ἐκ
688 3851 741 3926 τῆς
765 3849 883 3914 πόλεως
914 3849 1020 3929 ἐκροὰς
1048 3847 1194 3927 ὑπόνομοι
1220 3871 1306 3912 κατε-

154 3950 369 4031 σκευάσθησαν
406 3956 579 4030 τηλικοῦτοι
612 3958 647 4016 τδ
678 3952 815 4035 μέγεθος,
846 3953 926 4017 ὥστε
957 3949 1135 4030 ἀξιοθέατον
1164 3951 1242 4015 εἰναι
1271 3957 1307 4016 τδ

155 4058 396 4138 κατασκεύασμα,
424 4059 529 4138 καίπερ
556 4059 606 4120 διδ
635 4057 691 4137 τὴν
721 4058 875 4122 εὐτέλειαν
905 4054 1194 4138 καταφρονούμενον.
1240 4056 1306 4120 ἐπι·
1426 4139 1430 4147 Ι

155 4160 267 4240 στάτης
288 4165 320 4226 δὲ
340 4161 500 4242 γενόμενος
523 4162 636 4225 τούτων
658 4166 718 4226 τῶν
740 4161 836 4242 έργων
857 4161 874 4223 δ
895 4158 1191 4242 προσαγορευόμενος
1206 4156 1309 4238 Φαίαξ

155 4267 204 4327 διὰ
225 4265 280 4342 τὴν
302 4263 393 4343 δόξαν
415 4269 467 4328 τοῦ
489 4263 772 4346 κατασκευάσματος
795 4264 939 4342 ἐποίησεν
961 4261 1014 4343 ἀφ’
1034 4265 1139 4327 ἑαυτοῦ
1158 4264 1305 4339 κληθῆναι

155 4367 223 4432 τοὺς
238 4367 405 4445 ὑπονόμους
420 4368 558 4448 φαίακας.
603 4365 651 4454 (4)
670 4368 896 4432 κατεσκεύασαν
915 4370 949 4431 δέ
968 4368 997 4430 οἰ
1011 4364 1239 4447 Ἀκραγαντῖνοι
1255 4361 1305 4428 καί

155 4469 370 4552 κολυμβήθραν
391 4475 554 4552 πολυτελῆ,
576 4471 631 4553 τὴν
652 4473 829 4553 περίμετρον
853 4471 984 4556 ἔχουσαν
1007 4468 1138 4534 σταδίων
1161 4464 1245 4546 έπτό,
1269 4473 1305 4532 τδ
