3000 5046
232 389 293 435 212
460 372 548 432 THE
571 371 804 431 ATHENIAN
827 370 1149 431 CONSTITUTION.
1271 376 1386 444 [mv.

233 572 356 651 τούτων,
369 573 412 638 είς
422 575 454 637 δέ
468 570 591 656 Θρᾴκην
603 571 721 654 χιλίους
732 568 898 637 Βισάλταις
911 569 1155 648 συνοικήσοντας,
1172 568 1285 634 άλλους
1300 565 1327 632 δ’
1339 568 1385 633 είς

232 672 368 742 Ἰταλίαν
392 674 576 756 οἰκιζομένης
602 673 772 756 Συβάρεως,
796 672 834 754 ῆν
859 675 1007 756 Θουρίους
1031 674 1290 755 προσηγόρευσαν.
1334 667 1385 735 καί

233 778 313 843 ταῦτ’
324 779 468 861 έπραττεν
479 780 691 860 ἀποκουφίζων
699 781 756 859 μέν
768 779 862 860 άργοῶ
874 774 922 842 καὶ
934 778 984 842 διὰ
996 777 1118 859 σχολὴν
1130 775 1385 858 πολυπράγμονος

233 884 330 964 όχλαν
348 883 403 962 τὴν
420 885 524 961 πόλιν,
538 881 793 964 ἐπανορθούμενος
815 883 848 947 δέ
870 881 923 949 τὰς
943 883 1069 962 άπορίας
1085 885 1139 944 τοῖν
1159 879 1262 959 δῆμον,
1279 879 1385 959 φόβον

233 988 266 1052 δὲ
282 984 331 1050 καὶ
347 987 481 1070 φρονρδν
493 991 546 1051 τοῖν
559 986 601 1066 μῆ
612 986 797 1067 νεωτερίζειν
811 1011 840 1050 τι
854 985 1111 1066 παρακατοικίζων
1125 989 1189 1051 τοῖς
1204 981 1385 1064 συμμάχοις.

278 1089 328 1157 Of.
344 1087 477 1179 [Arist]
493 1089 590 1176 Roep
606 1088 685 1154 Αίδ.
702 1104 753 1172 27.

277 1238 334 1294 00.
357 1225 444 1293 Plut
459 1226 536 1295 Per.
553 1246 592 1312 9:
614 1224 701 1292 Ἐπεὶ
720 1228 752 1292 δέ
768 1226 955 1304 Θουκυδίδης
971 1228 1027 1307 μὲν
1046 1224 1296 1309 ἀριστοκρατικήν
1316 1250 1387 1291 τινα

233 1332 288 1411 τὴν
303 1336 356 1396 τοῦ
372 1332 556 1413 Περικλέους
570 1329 741 1414 ὑπογράφει
762 1333 929 1408 πολιτείαν,
944 1331 1028 1415 λόγῳ
1047 1332 1103 1408 μέν
1121 1330 1216 1394 οὖσαν
1238 1334 1387 1412 δημοκρα·

233 1437 309 1515 τίαν,
326 1436 404 1521 ἐργιρ
421 1434 447 1500 δ’
464 1437 521 1499 όπδ
536 1440 589 1499 τοῖν
604 1435 723 1518 πρῶτον
737 1435 844 1516 άνδρὸς
860 1435 966 1519 άρχήν,
983 1437 1074 1498 άλλαι
1090 1436 1122 1499 δέ
1138 1431 1250 1498 πολλοὶ
1265 1439 1386 1516 πρῶτον

233 1538 283 1602 ὑπ’
298 1540 412 1604 ἐκείνου
435 1541 514 1621 φασὶ
533 1546 587 1604 τδν
608 1541 702 1618 δῆμον
722 1537 771 1603 ἐπὶ
794 1541 974 1622 κληρουχίας
993 1541 1041 1602 καί
1060 1537 1188 1619 θεωρικὰ
1203 1534 1251 1600 καὶ
1265 1541 1386 1616 μισθῶν

234 1645 376 1723 διανομάς
397 1645 586 1726 προαχθῆναι
609 1649 705 1710 κακῶς
725 1643 885 1708 ἐθισθέντα
905 1639 951 1708 καὶ
972 1642 1137 1726 γενόμενον
1158 1643 1312 1720 πολυτελῆ
1335 1638 1385 1704 καῖ

234 1746 408 1811 ἀκόλαστον
421 1749 480 1810 ὑπδ
494 1752 554 1811 τῶν
569 1747 638 1811 τότε
649 1746 877 1828 πολιτευμάτων
889 1747 955 1811 άντὶ
967 1746 1128 1828 σόφρανος
1144 1745 1193 1810 καὶ
1207 1744 1385 1828 αὐτουργοῦ,

234 1853 405 1931 θεωρείσθω
419 1850 470 1915 διά
483 1856 545 1915 τῶν
560 1850 743 1933 πραγμάτων
756 1851 854 1915 αὐτῶν
868 1850 886 1930 η
903 1851 985 1914 αίτία
999 1854 1053 1928 τῆς
1066 1851 1252 1930 μεταβολῆς.

277 1988 326 2044 91.
348 1976 402 2044 Ιό.
423 1976 593 2065 Ρπαεοαρί.
616 2000 682 2065 ρον.
705 1978 789 2064 reip.
816 1996 853 2063 15
876 1976 965 2066 (Em.
989 1980 1053 2044 812
1069 1977 1129 2068 O):
1159 1980 1211 2064 Τφ
1236 1980 1385 2064 πολιτικῷ

234 2082 381 2164 προσήκει
396 2089 586 2168 παραχωρεῖν
600 2086 656 2165 μέν
676 2084 789 2165 ἐτέροις
806 2083 912 2167 άρχειν
930 2082 978 2146 καὶ
997 2087 1238 2164 προσκαλεῖσθαι
1255 2083 1331 2164 πρδς
1349 2082 1386 2146 τδ

234 2190 320 2268 βῆμα
339 2188 402 2270 μετ’
420 2187 570 2271 εὐμενείας
594 2190 643 2253 καὶ
662 2189 901 2269 φιλανθρωπίας,
920 2192 1014 2252 κινεῖν
1036 2188 1069 2251 δέ
1089 2186 1130 2268 μὴ
1152 2187 1250 2252 πάντα
1272 2189 1310 2250 τδ
1331 2190 1387 2266 τῆς

234 2295 353 2359 πόλεως
374 2297 438 2359 τοῖς
460 2294 551 2355 αὑτοῦ
572 2292 679 2373 λόγοις
697 2292 747 2355 καὶ
764 2292 964 2373 ψηφίσμασιν
979 2288 997 2369 ἢ
1013 2288 1170 2372 πράξεσιν,
1185 2290 1256 2354 ἀλλ’
1273 2290 1387 2372 έχοντα

234 2395 362 2462 πιστοὺς
382 2391 430 2459 καί
450 2396 581 2478 άγαθοδς
600 2394 718 2476 ἄνδρας,
733 2394 862 2458 ἕκαστον
882 2394 994 2482 ἐκάατῃ
1013 2395 1100 2480 χρεία
1119 2397 1194 2458 κατὰ
1214 2400 1250 2457 τδ
1272 2396 1387 2458 οίκεῖον

234 2498 481 2580 προσαρμόττειν·
507 2498 546 2565 ῶς
561 2499 714 2578 Περικλῆς
731 2500 881 2583 Μενίππῳ
896 2502 952 2576 μὲν
967 2500 1076 2582 ἐχρῆτο
1091 2498 1166 2577 πρὸς
1185 2496 1239 2564 τὰς
1257 2521 1386 2577 στρατη-

237 2604 313 2683 γίας,
336 2599 375 2666 δι’
395 2600 564 2684 Ἐφιάλτου
586 2602 619 2666 δέ
642 2601 697 2681 τὴν
723 2599 758 2681 ἐξ
780 2600 899 2684 Ἀρείου
925 2601 1024 2683 πάγου
1049 2601 1169 2682 βουλὴν
1192 2602 1379 2665 ἐταπείνωσε

235 2713 321 2772 κ.τ.λ.

279 2846 334 2900 92.
357 2833 411 2901 Id.
427 2831 504 2899 Per.
522 2851 560 2915 7:
584 2831 683 2911 Ἀλλ’,
704 2834 743 2901 ὡς
762 2832 849 2909 ἔοικε,
868 2834 971 2901 δεδιὸς
992 2836 1049 2914 μὲν
1069 2835 1186 2919 ὑποψία
1208 2839 1385 2914 περιπεσεῖν

235 2941 417 3019 τυραννίδος,
433 2941 511 3023 όρῶν
525 2939 551 3004 δ’
566 2940 812 3021 άριστοκρατικδν
826 2938 879 3001 τὸν
896 2939 1017 3018 Κίμωνα
1036 2937 1084 3002 καὶ
1105 2939 1307 3019 διαφερόντως
1324 2941 1385 3003 ὑπὸ

235 3049 295 3106 τῶν
326 3049 428 3109 καλῶν
457 3044 596 3127 κάγαθῶν
626 3043 741 3124 ἀνδρῶν
770 3042 977 3123 ἀγαπώμενον,
1004 3043 1120 3119 ὑπῆλθε
1150 3041 1220 3109 τοὺς
1248 3044 1385 3110 πολλοὺς

234 3147 410 3227 ἀσφάλειαν
434 3149 490 3230 μὲν
517 3148 619 3231 ἐαυτῷ,
643 3147 767 3225 δύναμιν
790 3147 823 3209 δέ
848 3143 911 3208 κατ’
938 3146 1052 3211 ἐκείνου
1076 3146 1385 3228 παρασκευαζόμενος.

234 3251 320 3317 εὐθὺς
344 3254 376 3315 δέ
399 3252 533 3318 καὶτοῖς
558 3247 626 3331 περὶ
652 3250 706 3330 τὴν
733 3251 849 3315 δίαιταν
876 3248 977 3331 ἑτέραν
1002 3248 1088 3329 τάξιν
1114 3252 1268 3328 ἐπέθηκεν.
1314 3251 1386 3316 ὁδόν

234 3379 267 3419 τε
289 3357 347 3438 γὰρ
370 3356 403 3420 έν
425 3355 512 3419 ἄστει
532 3356 605 3434 μίαν
628 3357 740 3437 ἐωρῶτο
761 3353 816 3430 την
837 3354 884 3418 ἐπ’
903 3355 1017 3437 άγορδν
1039 3355 1088 3418 καὶ
1111 3360 1145 3418 τδ
1167 3351 1385 3434 βουλευτήριον

234 3459 444 3540 πορευόμενος,
459 3459 584 3538 κλήσεις
604 3483 636 3522 τε
655 3459 785 3522 δείπνων
804 3458 851 3521 καὶ
867 3458 921 3536 τὴν
936 3458 1075 3536 τοιαύτην
1091 3457 1214 3522 άπασαν
1229 3465 1383 3540 φιλοφρο-

235 3562 328 3640 σύνην
344 3559 392 3626 καὶ
408 3561 570 3640 συνήθειαν
584 3560 733 3641 ἐξέλιπεν,
746 3561 785 3627 ῶς
797 3563 830 3626 ἐν
842 3563 887 3627 οἶς
898 3561 1115 3625 ἐπολιτεύσατο
1127 3561 1248 3645 χρόνοις
1258 3566 1385 3641 μακροῖς

234 3666 406 3749 γενομένοις
418 3672 490 3747 τρῖς
504 3667 618 3748 μηδένα
632 3659 805 3746 τῶνφίλων
816 3662 865 3729 ἐπὶ
878 3669 1001 3730 δεῖπνον
1013 3667 1123 3744 ἐλθεῖν,
1135 3666 1217 3744 πλὴν
1230 3665 1385 3747 Εὐρυπτο-

233 3767 328 3850 λίμον
343 3774 395 3834 τοῦ
411 3771 537 3851 άνεφιοιῖ
552 3773 718 3852 γαμοῦντας
732 3769 803 3852 άχρι
818 3775 877 3832 τῶν
893 3774 1032 3834 σπονδῶν
1045 3770 1286 3852 παραγενόμενος
1299 3769 1385 3837 εὐθὺς

236 3872 391 3951 ἐξανέστη.
436 3868 530 3936 δειναί
547 3872 605 3955 γὰρ
620 3874 652 3936 αἱ
672 3873 900 3953 φιλοφροσύναι
921 3878 1034 3937 παντὸς
1057 3874 1149 3955 ὄγκου
1171 3871 1384 3955 περιγενέσθαι

235 3974 284 4040 καὶ
306 3975 519 4056 δυσφύλακτον
538 3978 570 4040 ἐν
590 3976 735 4060 συνηθείᾳ
756 3981 790 4039 τδ
812 3975 886 4055 πρὸς
901 3972 994 4054 δόξαν
1009 3976 1122 4056 σεμνόν
1137 3977 1213 4039 ἐστι·
1239 3979 1292 4054 τῆς
1308 3977 1384 4055 άλη·
1423 3962 1424 3965 ¹

234 4082 319 4156 θιυῆς
334 4079 360 4143 δ’
375 4080 482 4159 άρετῆς
505 4079 656 4143 κάλλιστα
677 4080 817 4160 φαίνεται
839 4079 877 4144 τά
897 4079 1031 4161 μάλιστα
1054 4080 1229 4160 φαινόμενα,
1254 4077 1385 4144 καὶτῶν

235 4184 356 4266 άγαθῶν
378 4183 491 4262 ἀνδρῶν
514 4183 601 4247 οὐδὲν
624 4183 701 4247 οθτω
724 4182 891 4262 θαυμάσιον
909 4189 973 4250 τοῖς
993 4184 1078 4248 ἐκτὸς
1096 4182 1135 4250 ὡς
1155 4185 1171 4246 ό
1191 4184 1256 4246 καθ’
1272 4181 1385 4263 ἡμέραν

234 4287 306 4366 βίας
327 4290 390 4353 τοῖς
414 4291 567 4353 συνοῦσιν.
613 4289 629 4350 ό
644 4289 677 4351 δὲ
694 4285 742 4351 καὶ
757 4291 810 4350 τοῖν
825 4288 917 4365 δῆμον
930 4293 965 4350 τδ
980 4289 1108 4370 συνεχὲς
1123 4288 1245 4369 φεύγων
1265 4283 1314 4349 καὶ
1329 4287 1383 4351 τδν

236 4391 324 4470 κόρον
351 4392 417 4455 οῖον
440 4392 473 4454 ἐκ
498 4390 721 4471 διαλειμμάτων
747 4391 938 4468 ἐπλησίαζεν,
964 4391 1016 4455 οιίκ
1040 4389 1090 4454 ἐπὶ
1115 4388 1205 4456 παντὶ
1231 4390 1383 4472 πράγματι

233 4492 335 4576 λέγων
351 4494 411 4559 οὐδ’
426 4490 473 4559 ἀεὶ
493 4495 608 4576 παριὼν
626 4496 670 4560 είς
690 4492 725 4558 τδ
745 4497 870 4573 πλῆθος,
885 4493 954 4559 ἀλλ’
972 4493 1078 4558 ἑαυτὸν
1092 4495 1196 4574 ῶσπερ
1211 4493 1265 4574 τῆν
1280 4497 1382 4559 Σαλα-
