3000 5046
134 381 241 447 18-15.]
474 370 561 431 THE
584 369 819 431 ΑΤΗΕΝῙΑΝ
843 369 914 429 clr
915 368 950 429 Y.
1081 421 1083 424 ⁴
1226 383 1285 445 179

137 576 273 650 φανερῶς
288 572 345 647 μὶν
359 569 414 648 τήν
434 567 586 648 ἐπιβολὴν
598 567 639 648 μὴ
659 567 771 650 λέγειν,
788 568 921 647 ἀκριβῶς
934 566 1092 648 γινώσκων
1106 564 1173 628 τοὺς
1187 571 1284 630 Λακε·

136 673 305 754 δαιμονίους
328 672 531 750 κωλύσοντας,
547 673 581 735 ἐν
602 671 749 756 ἐκκλησία
772 672 805 734 δέ
827 668 970 752 διελέχθη
994 675 1056 737 τοῖς
1078 668 1216 734 πολίταις
1238 668 1285 734 ότι

135 777 279 859 μεγάλων
303 775 486 861 πραγμάτων
510 776 560 839 καὶ
580 775 798 856 συμφερόντων
816 774 853 861 τῇ
873 775 964 837 πόλει
979 773 1128 853 βούλεται
1142 774 1287 856 γενέσθαι

138 881 313 962 σύμβουλός
340 906 373 946 τε
397 877 446 944 καὶ
473 877 644 962 εἰσηγητής,
673 883 767 943 ταῦτα
798 882 831 943 δέ
862 885 1000 959 φανερῶς
1027 879 1084 958 μέν
1112 876 1217 959 λέγειν
1245 874 1287 957 μὴ

138 982 311 1065 συμφέρειν,
327 985 363 1048 δι’
380 984 493 1066 ὀλίγων
513 985 546 1048 δέ
567 985 683 1064 ἀνδρῶν
705 984 858 1047 ἐπιτελεῖν
877 978 1052 1063 προσήκειν·
1075 981 1179 1061 διόπερ
1202 977 1288 1067 ἠξίου

138 1090 191 1153 τὸν
215 1092 308 1168 δῆμον
335 1089 386 1153 δύο
410 1087 519 1170 άνδρας
545 1085 818 1172 προχειρισάμενον
844 1086 891 1152 οἷς
913 1083 952 1149 δν
972 1085 1108 1165 μάλιστα
1130 1083 1288 1171 πιστεύσῃ,

137 1192 255 1259 τούτοις
278 1194 450 1275 ἐπιτρέπειν
478 1188 544 1274 περὶ
570 1197 623 1256 τοῦ
653 1190 837 1273 πράγματος.
883 1186 932 1276 (ν)
965 1187 1142 1256 πεισθέντος
1172 1189 1205 1253 δέ
1234 1191 1288 1251 τοῦ

138 1294 282 1376 πλήθους,
298 1298 314 1359 ὁ
339 1299 432 1376 δῆμος
453 1298 553 1360 εἵλετο
573 1294 625 1360 δύο
646 1294 765 1376 ἄνδρας,
780 1293 971 1376 Ἀριστείδην
986 1293 1033 1357 καὶ
1049 1292 1238 1370 Ξάνθιππον,
1255 1291 1289 1357 ού

137 1401 232 1479 μόνον
247 1399 309 1464 κατ’
324 1400 431 1482 ἀρετὴν
446 1400 605 1481 προκρίνας
621 1399 737 1475 αὐτούς,
754 1396 836 1462 ἀλλὰ
851 1394 899 1462 καὶ
914 1403 988 1479 πρὸς
1008 1396 1062 1462 τδν
1078 1394 1289 1475 Θεμιστοκλέα

139 1504 259 1570 τούτους
276 1505 353 1585 όρῶν
368 1502 595 1582 ἁμιλλωμένους
617 1499 685 1584 περὶ
705 1501 795 1581 δόξης
817 1502 865 1567 καὶ
890 1500 1052 1583 πρωτείων,
1066 1499 1114 1564 καὶ
1134 1498 1183 1565 διά
1203 1503 1289 1564 τοῦτο
1405 1537 1407 1541 >

140 1607 307 1689 όλλοτρίως
333 1607 458 1691 ἔχοντας
481 1607 555 1688 πρὸς
575 1605 675 1672 αὐτόν.
717 1603 766 1693 (3)
787 1605 869 1670 οὗτοι
885 1606 918 1669 δὲ
934 1602 997 1669 κατ’
1014 1604 1093 1670 ἰδίαν
1108 1604 1290 1671 άκούσιιντες

140 1715 191 1774 τοῦ
222 1711 467 1791 Θεμιστοκλέους
496 1709 550 1791 τὴν
580 1707 740 1789 ἐπιβολήν,
771 1706 931 1788 ἐδήλωσαν
959 1709 1001 1794 τῷ
1026 1705 1110 1794 δήμῳ
1140 1709 1215 1772 διότι
1242 1703 1290 1772 καὶ

139 1813 260 1896 μεγάλα
276 1816 323 1878 καὶ
340 1815 532 1896 συμφέροντα
553 1816 589 1902 τῇ
605 1814 695 1879 πόλει
716 1810 765 1878 καὶ
781 1816 892 1878 δυνατὰ
907 1811 1072 1890 καθέστηκε
1088 1810 1125 1877 τὰ
1139 1811 1291 1895 λεγόμενα

140 1919 199 1982 ὑπὸ
223 1924 274 1982 τοῦ
300 1916 555 1997 Θεμιστοκλέους.
599 1915 648 2005 (4)
669 1921 722 1982 τοῦ
748 1919 781 1981 δέ
807 1915 900 1997 δήμου
923 1916 1132 1999 θαυμάσαντος
1155 1914 1216 1998 άμα
1238 1920 1292 1982 τδν

141 2020 234 2100 άνδρα
251 2019 298 2084 καὶ
318 2022 562 2088 ὑποπτεύσαντος
584 2019 701 2101 μήποτε
724 2021 883 2102 τυραννίδα
904 2018 972 2084 τινὰ
994 2019 1292 2100 κατασκευασάμενος

142 2126 235 2210 ἐαυτῷ
254 2125 446 2203 τηλικαύταις
469 2126 518 2190 καὶ
541 2125 690 2191 τοιαύταις
711 2126 873 2206 ἐπιβολαῖς
896 2123 1026 2210 ἐγχειρῇ,
1042 2130 1180 2206 φανερῶς
1202 2123 1292 2189 αὐτὸν

142 2229 282 2294 ἐκέλευον
319 2229 543 2309 ἀποφαίνεσθαι
582 2229 620 2294 τὰ
649 2228 823 2312 δεδογμένα.
884 2228 901 2290 ό
930 2230 964 2293 δέ
996 2226 1092 2292 πάλιν
1123 2229 1222 2309 έφησε
1251 2225 1293 2307 μὴ

142 2334 310 2414 συμφέρειν
325 2333 365 2417 τῷ
382 2331 464 2417 δήμῳ
480 2339 619 2416 φανερῶς
635 2337 800 2411 δηλοῦσθαι
816 2332 884 2413 περὶ
899 2338 960 2398 τῶν
975 2333 1199 2411 ἐπινοηθέντιιν.
1244 2327 1294 2417 (5)

143 2438 249 2521 πολλῷ
264 2439 296 2500 δέ
310 2440 431 2516 μᾶλλον
447 2433 655 2516 θαυμάσαντος
675 2442 728 2500 τοῦ
749 2434 842 2515 δήμου
856 2434 912 2515 τὴν
926 2437 1082 2515 δεινότητα
1097 2431 1145 2498 καὶ
1159 2442 1292 2517 μεγαλο-

143 2538 298 2621 φροσύνην
313 2538 445 2621 τάνδρός,
461 2539 601 2604 ἐκέλευον
616 2541 650 2603 ἐν
664 2537 844 2620 ἀπορρήτοις
858 2540 955 2604 είπεῖν
973 2536 1010 2626 τῃ
1023 2537 1124 2626 βουλῇ
1137 2538 1175 2603 τά
1189 2543 1292 2620 δεδογ-

142 2647 225 2723 μένα·
250 2641 305 2706 κδν
321 2643 393 2723 αὕτη
410 2643 493 2730 κρίνῃ
508 2642 547 2706 τὰ
564 2643 673 2708 δυνατδ
694 2641 799 2725 λέγειν
818 2639 866 2707 καί
887 2640 1089 2726 συμφέροντα,
1104 2643 1173 2706 τότε
1195 2641 1234 2709 ῶς
1256 2641 1295 2706 δν

144 2746 361 2832 συμβουλεύσῃ
377 2751 450 2828 πρὸς
465 2753 499 2809 τὸ
515 2745 604 2813 τέλος
620 2744 704 2826 όξειν
725 2746 815 2810 αὐτοῦ
838 2744 894 2825 τὴν
915 2744 1077 2826 ἐπιβολήν.
1121 2743 1169 2831 (6)
1190 2746 1294 2827 διόπερ

143 2853 196 2928 τῆς
216 2852 334 2930 βουλῆς
357 2849 527 2929 πυθομένης
550 2852 588 2913 τδ
607 2848 682 2913 κατὰ
701 2849 799 2931 μέρος,
815 2848 863 2914 καὶ
879 2849 1020 2931 κρινάσης
1035 2848 1138 2933 λέγειν
1152 2848 1243 2913 αὐτὸν
1258 2849 1295 2913 τὰ

145 2953 339 3037 συμφέροντα
365 2978 399 3040 τῃ
415 2953 506 3017 πόλει
526 2951 576 3017 καὶ
591 2951 710 3031 δυνατά,
725 2951 761 3017 τδ
774 2952 886 3017 λοιπὸν
900 2951 956 3032 ήδη
973 2950 1226 3037 συγχωρήσαντος
1243 2957 1295 3016 τοῦ

145 3056 239 3136 δήμου
260 3056 337 3136 μετὰ
359 3061 411 3133 τῆς
434 3060 551 3137 βουλῆς
574 3057 671 3137 ἐλοβε
686 3056 742 3136 τήν
756 3054 897 3136 ἐξουσίαν
911 3054 1054 3140 πράττειν
1068 3056 1124 3132 ό,τι
1138 3055 1294 3136 βούλεται.

144 3160 271 3227 ἕκαστος
286 3157 312 3223 δ’
328 3161 360 3224 ἐκ
374 3163 427 3238 τῆς
443 3158 605 3238 ἐκκλησίας
617 3159 776 3242 ἐχωρίζετο
792 3159 948 3240 θαυμάζων
961 3161 1018 3240 μέν
1032 3158 1088 3238 τὴν
1103 3157 1211 3239 ἀρετὴν
1225 3159 1294 3225 τὰν-

145 3264 225 3345 δρός,
236 3262 385 3346 μετέωρος
401 3262 426 3327 δ’
443 3261 484 3328 ῶν
501 3264 549 3327 καὶ
562 3268 735 3344 καραδοκῶν
746 3267 780 3327 τδ
792 3263 881 3329 τέλος
891 3265 944 3342 τῆς
955 3265 1116 3344 ἐπιβολῆς.
1152 3257 1222 3347 (43)
1234 3264 1251 3325 ό
1262 3264 1295 3327 δέ

145 3369 359 3447 Θεμιστοκλῆς
373 3366 482 3446 λαβὼν
496 3367 552 3446 τήν
567 3364 709 3445 ἐξουσίαν
725 3371 777 3430 τοῦ
793 3366 946 3447 πράττειν,
959 3363 1006 3429 καὶ
1018 3370 1123 3430 πᾶσαν
1134 3366 1297 3448 ὑπουργίαν

146 3470 226 3553 έχων
243 3469 363 3547 ἐτοίμην
377 3474 441 3535 τοῖς
462 3468 713 3552 ἐγχειρουμένοις,
728 3467 823 3533 πόλιν
842 3470 990 3548 ἐπενόησε
1013 3469 1297 3551 καταστρατηγῆσαι

146 3573 214 3638 τοὺς
238 3573 499 3651 Λακεδαιμονίους·
530 3571 596 3658 ᾔδει
622 3575 680 3655 γὰρ
707 3573 840 3653 άκριβῶς
864 3572 912 3635 ότι
938 3571 1071 3652 καθάπερ
1096 3568 1147 3636 ἐπὶ
1169 3576 1222 3635 τοῦ
1243 3574 1297 3650 τῆς

146 3677 266 3742 πόλεως
288 3680 447 3760 τειχισμοῦ
468 3677 658 3740 διεκώλυσαν
680 3676 710 3738 οἱ
735 3675 974 3758 Λακεδαιμόνιοι,
998 3674 1051 3739 τὸν
1073 3674 1163 3739 αιίτὸν
1184 3673 1297 3758 τρόπον

147 3779 196 3844 ἐπί
226 3782 280 3859 τῆς
310 3783 496 3858 κατασκευῆς
524 3784 577 3843 τοῦ
611 3777 734 3858 λιμένος
770 3777 986 3862 ἐγχειρήσουσι
1026 3779 1198 3843 διακόπτειν
1237 3783 1297 3841 τῶν

146 3882 314 3961 Ἀθηναίων
342 3881 398 3948 τὰς
430 3881 590 3962 ἐπιβολάς.
636 3879 684 3968 (2)
716 3879 821 3961 ἐδοξεν
847 3881 899 3946 οὖν
929 3881 1009 3969 αύτῷ
1039 3881 1114 3963 πρδς
1142 3883 1199 3961 μέν
1227 3881 1297 3948 τοὺς

146 3986 401 4064 Λακεδαιμονίους
416 3983 560 4066 πρέσβεις
576 3987 758 4050 άποοτεῖλαι
780 3985 848 4052 τοὺς
862 3985 1037 4065 διδάξοντας
1053 3983 1219 4067 συμφέρειν
1235 3989 1298 4052 τοῖς

148 4094 256 4155 κοινοῖς
279 4091 333 4165 τῆς
354 4085 506 4155 Ἑλλάδος
527 4089 701 4171 πράγμασιν
725 4089 808 4174 ἐχειν
829 4087 997 4174 ἀξιόχρεων
1018 4087 1124 4168 λιμένα
1147 4093 1222 4169 πρὸς
1243 4088 1298 4168 τὴν

147 4192 208 4257 ἆπδ
219 4198 278 4257 τῶν
288 4196 418 4275 Περσῶν
434 4192 582 4273 ἐσομένην
598 4192 768 4273 στρατείαν.
812 4195 863 4258 διδ
877 4195 910 4257 δέ
924 4192 1028 4258 τούτου
1042 4197 1096 4256 τοῦ
1110 4191 1222 4273 τρόπον
1230 4192 1299 4259 τοὺς

148 4294 339 4378 Σπαρτιάτας
355 4294 562 4376 ἀμβλυτέρους
582 4295 713 4376 ποιήσας
728 4301 802 4377 πρδς
817 4301 851 4361 τδ
869 4296 1006 4376 κωλύειν,
1020 4296 1108 4363 αύτδς
1123 4297 1223 4378 είχετο
1238 4302 1299 4360 τῶν

148 4399 254 4482 ἔργων,
270 4397 319 4463 καὶ
342 4406 403 4464 τῶν
420 4399 540 4462 πάντων
554 4398 878 4480 συμφιλοτιμουμένων
892 4399 1009 4484 ταχέως
1024 4398 1141 4480 συνέβη
1156 4398 1299 4482 γενέσθαι

148 4503 198 4567 καὶ
227 4501 403 4586 παραδόξως
428 4505 708 4580 κατασκευασθῆναι
733 4508 787 4568 τδν
808 4502 924 4584 λιμένα.
970 4501 1018 4591 (3)
1049 4502 1155 4570 ἐτεισε
1185 4505 1218 4569 δέ
1246 4508 1300 4570 τῶν

693 4622 717 4670 N
733 4623 753 4674 2
