3000 5046
151 352 295 418 178-188.]
466 347 552 406 THE
580 346 702 407 WEST
698 347 791 406 ERN
814 348 990 408 GREEKS.
1242 367 1301 429 351

151 543 204 647 τοῦ
225 542 419 622 Σαραπίωνος
442 543 541 626 ἐτέρου
563 541 661 626 φησίν
683 544 760 608 εἶναι
783 546 837 610 τὰς
858 546 1032 631 τραγῳδίας.
1076 542 1251 627 Ἱεράνυμος
1270 549 1302 611 δέ

114 652 123 686 ³
149 643 232 724 τρισί
253 646 303 709 καί
324 646 542 727 τετταράκοντά
556 654 653 729 φησιν
674 645 913 731 ἐντετυχηκέναι,
930 647 1069 728 Νεάνθης
1089 653 1121 714 δέ
1142 650 1211 715 νέαν
1230 652 1303 714 ὄντα

149 749 335 828 γεγραφέναι
350 753 404 817 τὰς
418 753 586 837 τραγῳδίας
601 753 650 815 καί
666 751 753 818 αὖτδς
769 752 873 816 ἔπειτα
887 752 991 818 αὐτοῖς
1006 753 1244 836 ἐντετυχηκέναι.

194 847 282 917 Ibid.
301 867 352 934 77.
398 851 460 919 See
474 854 581 920 above
596 865 663 921 177.

496 1052 620 1118 βὲατίοα
641 1049 679 1136 os
695 1050 750 1117 δός
770 1050 938 1118 miracles.

192 1180 265 1237 184.
288 1170 385 1260 Diog.
402 1173 509 1239 Ιιαθτδ.
525 1171 596 1237 viii.
613 1174 672 1237 60:
695 1170 779 1252 Φησὶ
799 1175 832 1237 δέ
848 1174 897 1237 καὶ
916 1172 1043 1252 Τίμαιος
1058 1175 1092 1238 ἐν
1106 1173 1143 1259 τῇ
1157 1174 1301 1239 ὀκτωκαι-

150 1275 257 1363 δεκάτη
283 1277 358 1342 κατὰ
383 1278 518 1347 πολλοὺς
544 1278 672 1359 τρόπους
702 1275 906 1354 τεθαυμάσθαι
936 1282 989 1342 τδν
1016 1275 1120 1359 άνδρα.
1166 1279 1215 1342 καὶ
1243 1279 1302 1362 γὰρ

149 1379 279 1458 ἐτησίων
305 1385 378 1447 ποτέ
401 1388 541 1464 σφοδρῶς
563 1380 757 1447 πνευσάντων
783 1380 822 1446 ὣς
848 1379 918 1446 τοὺς
945 1379 1075 1461 καρποὺς
1100 1379 1302 1462 λυμήνασθαι,

149 1486 295 1552 κελεύσας
322 1488 410 1552 ὄνους
435 1490 594 1568 ἐκδαρῆναι
618 1486 666 1550 καὶ
688 1484 800 1551 άσκοδς
822 1486 976 1547 ποιεῖσθαι
998 1481 1067 1564 περί
1092 1484 1159 1550 τοὺς
1184 1486 1302 1563 λόφους

148 1588 268 1656 καὶτὰς
289 1591 451 1672 άκρωρείας
467 1590 592 1656 διέτεινε
606 1596 680 1671 πρδς
700 1595 735 1654 τδ
756 1591 928 1666 συλλαβεῖν
948 1587 983 1650 τὸ
1003 1592 1128 1667 πνεῦμα·
1151 1588 1302 1669 λήξαντος

148 1691 188 1770 δέ,
204 1698 430 1774 Κωλνσανέμαν
446 1697 601 1774 κληθῆναι.
644 1691 846 1775 Ἡρακλείδης
867 1690 892 1754 δ’
908 1694 941 1755 ἐν
963 1688 1003 1776 τη]
1018 1688 1085 1772 περί
1106 1693 1206 1757 νόσων
1221 1692 1300 1774 φησὶ

147 1797 195 1860 καὶ
223 1800 383 1884 Παυσανίη
410 1798 630 1880 ὑφηγήσασθαι
656 1797 746 1862 αι’πδν
767 1797 804 1860 τδ
826 1796 896 1875 περὶ
921 1793 977 1874 τὴν
1006 1795 1131 1862 άπνουν.
1176 1796 1213 1876 ἦν
1235 1798 1260 1862 δ’
1284 1799 1301 1860 δ

147 1903 333 1978 Παυσανίας,
363 1903 401 1969 ὥς
427 1911 525 1984 φησιν
552 1901 752 1984 Ἀρίστιππος
782 1896 830 1964 καὶ
856 1898 998 1979 Σάτυρος,
1024 1900 1171 1980 ἐρόμενος
1200 1901 1299 1982 αὐτοῦ,

146 2000 168 2090 ᾧ
196 2005 232 2084 δὴ
262 2007 311 2069 καὶ
340 2005 378 2071 τὰ
407 2004 474 2088 περὶ
504 2006 625 2087 φύσεως
655 2004 924 2086 προσπεφώνηκεν.
969 1999 1038 2091 (61)
1142 2003 1196 2083 τήν
1225 2010 1299 2087 γοῦν

146 2107 261 2173 άπνονν
281 2113 298 2174 δ
319 2107 519 2191 Ἡρακλείδης
540 2106 619 2191 φησὶ
639 2109 775 2173 τοιοῦτόν
793 2133 823 2172 τι
845 2107 933 2184 εῖναι,
949 2106 989 2173 ὣς
1008 2107 1168 2182 τριάκοντα
1187 2107 1299 2192 ἡμέρας

147 2218 304 2291 συντηρεῖν
322 2214 437 2280 άπνουν
458 2211 507 2278 καὶ
527 2213 684 2294 ἄσφυκτον
703 2217 738 2278 τδ
758 2219 855 2292 σῶμα·
878 2210 949 2274 ὅθεν
970 2207 1019 2274 καί
1039 2209 1124 2276 εῖπεν
1144 2212 1235 2276 αδτδν
1250 2209 1299 2276 καὶ

149 2316 251 2398 ίατρδν
277 2314 324 2382 καὶ
351 2317 468 2400 μάντιν,
494 2316 664 2396 λαμβάνων
692 2314 753 2395 ἅμα
782 2312 831 2379 καὶ
858 2316 918 2378 άπδ
943 2315 1058 2379 ταότων
1083 2321 1145 2380 τῶν
1172 2315 1298 2400 στίχων.

145 2414 215 2506 (62)
238 2417 299 2484 See
312 2421 419 2486 above
433 2431 503 2489 174.

188 2551 262 2607 185.
285 2540 373 2608 ΡΙιιδ.
389 2543 463 2609 adv.
479 2542 579 2608 Golot.
595 2559 638 2626 32
654 2537 744 2624 (Ῑυῖδ.
763 2540 846 2607 1126
863 2537 922 2625 B):
945 2537 1011 2618 Τήν
1027 2563 1061 2604 τε
1078 2541 1181 2624 χόραν
1198 2539 1297 2620 δπήλ-

143 2644 238 2725 λαξεν
259 2647 405 2729 όκαρπίας
428 2649 476 2712 καὶ
497 2652 613 2729 λοιμοῦ,
629 2644 804 2728 διασφάγας
824 2645 911 2725 ὅρους
931 2644 1138 2727 ἀποτειχίσας,
1159 2643 1196 2709 δι’
1218 2647 1297 2711 ὦνό

143 2750 229 2816 νότος
244 2752 288 2818 εἷς
303 2757 337 2816 τδ
352 2753 457 2818 πεδίον
471 2751 673 2833 ὑπερέβαλλε.

186 2879 260 2936 186.
284 2871 370 2938 Plu&
393 2872 433 2938 de
454 2871 575 2939 cumbe.
601 2890 615 2934 1
640 2867 729 2958 (Εἰδ.
755 2883 821 2952 515
837 2866 896 2956 O):
917 2865 957 2932 ‘0
979 2870 1012 2933 δέ
1036 2873 1162 2947 φνσικδς
1183 2866 1296 2950 Ἐμπε-

142 2978 252 3053 δοκλῆς
268 2977 354 3057 ὄρους
370 2977 436 3042 τινὰ
452 2976 611 3060 διασφάγα
625 2975 724 3058 βαρὺν
739 2971 787 3038 καί
804 2974 922 3050 νοσόδη
938 2971 1013 3035 κατὰ
1032 2978 1093 3037 τῶν
1113 2975 1223 3037 πεδίων
1243 2980 1296 3039 τδν

141 3078 231 3143 νότον
247 3079 435 3160 ἐμπνέουσαν
449 3079 613 3162 ἐμφράξας,
628 3084 737 3157 λοιμδν
753 3076 857 3157 ἔδοξεν
871 3077 1026 3140 ἐκκλεῖσαι
1041 3079 1093 3154 τῆς
1107 3076 1218 3160 χόρος.

146 3214 149 3219 “
187 3210 258 3265 187.
282 3199 404 3265 Suidas
435 3198 663 3279 Ἐμπεδοκλῆςτ
709 3198 883 3278 Ἐπεκλήθη
914 3201 947 3262 δέ
980 3199 1030 3262 καὶ
1061 3197 1295 3276 Κωλυσανέμας,

140 3305 191 3366 διδ
213 3309 248 3367 τδ
274 3303 385 3381 ἀνέμου
406 3309 525 3369 παλλοΰ
551 3303 729 3383 ἐπιθεμένου
755 3301 791 3389 τῇ
815 3301 997 3384 Ἀκράγαντι
1023 3299 1169 3379 ἐξελάσαι
1195 3302 1294 3380 αὐτόν,

141 3404 230 3488 δορὰς
251 3408 329 3471 ὄνων
346 3406 505 3487 περιθέντα
525 3433 562 3493 τῃ
578 3409 677 3472 πόλει.
721 3406 826 3490 γέγονε
845 3405 879 3469 δέ
896 3404 1001 3467 τούτου
1017 3403 1150 3483 μαθητὴς
1167 3405 1294 3486 Γοργίας

141 3508 269 3591 δρήτωρ
285 3511 301 3572 δ
319 3515 488 3576 Λεοντῖνος.
534 3511 582 3574 καὶ
597 3511 714 3593 ἔγραψε
732 3509 769 3574 δι’
784 3512 867 3574 ἐπῶν
888 3504 957 3588 περὶ
978 3506 1100 3588 φύσεως
1118 3513 1179 3570 τῶν
1198 3508 1293 3571 ὄντων

139 3615 256 3693 βιβλία
276 3608 316 3696 γ’.
363 3613 411 3677 καὶ
434 3615 519 3679 ἐστιν
540 3614 596 3693 ἐπη
620 3613 659 3680 ιδς
678 3614 826 3696 δισχίλια.
872 3607 989 3691 ίατρικδ
1005 3607 1223 3691 καταλογάδην,
1243 3608 1292 3675 καὶ

139 3719 222 3780 ἄλλα
236 3717 349 3782 πολλά.

400 3899 464 3966 The
485 3900 623 3988 ναόοόνιρ
644 3901 682 3987 of
698 3901 751 3968 the
771 3900 859 3966 θοαά
881 3920 1026 3966 ιιυνιανι.

182 4022 280 4111 Diog.
296 4024 403 4089 Laert.
420 4022 490 4089 viii.
507 4026 559 4108 67,
574 4026 627 4109 69.
672 4023 735 4091 soe
748 4023 858 4089 below
872 4031 940 4088 101.

453 4218 517 4286 Τίνα
538 4219 740 4286 βανιόίαδικννι
762 4218 801 4304 os
817 4218 965 4286 βοδότιιια.

136 4390 142 4402 ·
180 4366 254 4421 188.
277 4354 373 4442 Diog.
389 4356 496 4422 Laerb.
511 4357 581 4424 viii.
598 4373 657 4440 70:
683 4359 834 4440 Διόδωρος
849 4358 876 4423 δ’
891 4360 909 4422 ό
922 4356 1069 4439 Ἐφέσιος
1084 4357 1152 4437 περὶ
1166 4354 1288 4436 Ἀναξι·

135 4457 266 4542 μάνδραν
286 4462 414 4544 γράφων
434 4460 530 4543 φησὶν
550 4464 596 4527 δτι
617 4467 722 4528 τοῦτον
741 4463 898 4542 ἐζηλώκει,
916 4466 1058 4545 τραγικδν
1075 4461 1177 4527 δοκῶν
1191 4465 1289 4542 τθφον
