3000 5046
202 351 263 428 296
359 342 364 352 ’
440 348 609 410 SPARTA
638 350 732 409 AND
755 350 1100 411 PELOPONNESOS.
1208 360 1355 425 [omn.

195 548 248 634 fr.
266 544 322 634 90)
336 554 416 629 φησι
440 544 490 612 καῖ
504 542 734 626 Ἀριστόδημος,
750 545 796 608 ὅτι
818 552 853 609 τδ
871 546 926 626 μὲν
946 552 1064 627 πρῶτον
1084 545 1127 627 β’,
1144 548 1178 612 τὸ
1198 548 1232 611 δὲ
1250 556 1355 613 τελευ-

203 657 288 717 ταῖον
304 650 334 716 ι’.
358 654 503 715 τοσαῦται
518 647 576 731 γάρ
591 651 623 713 αἱ
638 654 698 714 τῶν
708 647 844 714 Ἠλείων
859 651 964 730 φυλαί,
981 651 1030 715 καὶ
1045 648 1099 732 ᾰφ’
1113 651 1241 731 ἑκάστης
1258 652 1302 718 εῖς
1317 650 1356 731 ἧν

202 755 432 832 Ἑλλανοδίκης.

248 859 331 925 War·
343 857 427 924 with
441 856 526 932 Pisa,
543 855 598 922 διο.

250 963 311 1029 See
326 961 433 1027 below
448 971 492 1025 86
508 967 542 1023 ff.

680 1069 878 1130 Mantineia.

249 1165 306 1220 44.
329 1152 411 1218 Hdt.
428 1150 474 1216 ix.
493 1165 544 1233 77.

248 1286 305 1341 45.
330 1271 439 1340 Strab.
455 1270 526 1337 viii.
544 1289 573 1355 3.
591 1285 610 1336 2
625 1269 736 1358 (337):
769 1274 937 1338 Μαντίνεια
956 1276 1012 1353 μὲν
1027 1276 1061 1338 έκ
1082 1273 1170 1340 πέντε
1184 1273 1286 1354 δήμων
1306 1273 1358 1338 ὑπ’

205 1380 351 1462 Ἀργείων
365 1376 546 1462 συνῳκίσθη.

249 1511 306 1566 46.
330 1498 413 1565 Xen.
430 1495 561 1563 Hellen.
575 1517 608 1560 v.
626 1512 654 1560 2.
673 1511 702 1579 7.
744 1494 840 1563 Pane.
856 1496 927 1562 viii.
944 1496 973 1563 8.
991 1518 1021 1582 9.
1065 1497 1162 1564 Diod.
1185 1519 1242 1562 xv.
1258 1512 1289 1580 5.
1310 1521 1358 1576 43

210 1623 258 1669 12.
277 1623 306 1668 2.
337 1600 497 1688 Harpocr.
515 1598 693 1666 Μαντινέων
707 1601 874 1682 διοικισμός
890 1599 940 1689 (ε
957 1599 1079 1686 Ephor.
1086 1599 1138 1686 fr.
1157 1601 1242 1689 138).

260 1805 460 1874 Μαπίίιιιία
481 1804 691 1872 Βουιοοταίίο
712 1803 787 1871 alul
807 1803 851 1871 δν
873 1804 1060 1892 δηναιραίίιγ
1081 1806 1163 1872 will
1185 1808 1302 1891 Ανροο.

251 1956 303 2014 4¹7.
317 1945 421 2010 Arist.
430 1942 502 2010 Pol.
510 1941 567 2008 vii.
577 1940 650 2029 (vi.)
662 1940 697 2006 ii.
706 1939 766 2028 (4.)
779 1963 806 2008 1.
817 1963 831 2007 Ι
835 1943 898 2028 318
909 1942 977 2008 b6:
994 1949 1212 2027 Δημοκρατιιῖν
1223 1944 1249 2010 δ’
1258 1944 1361 2009 οὐσῶν

208 2051 357 2134 τεττάρων
370 2049 520 2132 βελτίστη
535 2050 591 2128 μέν
613 2045 632 2125 ἡ
651 2047 753 2128 πρῶτη
772 2045 856 2126 τάξει
879 2095 886 2112 .
912 2094 919 2110 .
943 2095 951 2111 .
973 2047 1104 2131 λέγωδὲ
1122 2050 1361 2131 πρῶτηνῶσπερ

208 2157 246 2222 δν
266 2181 311 2223 τις
329 2156 425 2221 διέλοι
447 2153 516 2219 τοὺς
538 2148 657 2233 δήμους.
694 2150 858 2231 βέλτιστος
878 2153 936 2234 γὰρ
951 2153 1040 2230 δῆμος
1057 2153 1250 2235 δγεωργικός
1265 2156 1360 2233 ἐστιν,

207 2261 288 2325 ὥστε
313 2259 361 2323 καὶ
383 2261 482 2322 ποιεῖν
509 2254 665 2338 ένδέχεται
690 2254 901 2339 (βελτίστην)
930 2256 1131 2337 δημοκρατίαν
1161 2258 1237 2321 ὅπου
1265 2254 1300 2344 ζῇ
1324 2259 1361 2322 τὸ

208 2365 326 2441 πλῆθος
343 2363 404 2426 ᾰπδ
425 2359 574 2444 γεωργίας
590 2356 609 2438 ἢ
626 2361 726 2438 νομῆς.
761 2357 811 2422 διὰ
833 2360 889 2441 μέν
910 2357 968 2442 γὰρ
989 2364 1024 2423 τδ
1046 2361 1087 2440 μή
1110 2360 1230 2439 πολλὴν
1252 2362 1362 2426 οὐσίαν

210 2466 293 2551 ἔχειν
305 2464 451 2548 άοχολος,
463 2462 543 2527 ὥστε
558 2461 598 2543 μή
614 2461 764 2528 πολλάκις
779 2462 997 2542 έκκλησίαζειν·
1024 2462 1074 2528 διὰ
1089 2467 1122 2530 δὲ
1137 2468 1171 2527 τδ
1189 2461 1259 2552 [μὴ]
1277 2464 1362 2548 ἔχειν

210 2570 375 2652 τάναγκαῖα
404 2572 478 2649 πρὸς
508 2570 571 2632 τοῖς
597 2564 696 2647 έργοις
724 2567 916 2647 διατρίβουσι
946 2563 995 2630 καὶ
1025 2574 1085 2632 τῶν
1111 2567 1281 2648 άλλοτρίων
1307 2568 1362 2632 οιῖκ

209 2674 415 2753 έπιθυμοῖισιν,
431 2667 502 2734 ἀλλ’
519 2670 604 2749 ἥδιον
623 2668 723 2736 αὐτοῖς
746 2669 781 2733 τὸ
804 2668 982 2751 ἐργάζεσθαι
1004 2674 1056 2733 τοῦ
1078 2671 1292 2736 πολιτεύεσθαι
1312 2673 1363 2736 καὶ

209 2777 316 2859 ἄρχειν
332 2821 340 2838 .
358 2824 365 2840 .
382 2823 389 2838 .
405 2768 450 2858 (2.
471 2774 551 2856 1318
568 2772 591 2837 b
609 2771 662 2860 21)
682 2773 778 2837 ἔτιδὲ
798 2778 833 2837 τὸ
855 2776 972 2856 κυρίους
993 2773 1070 2838 εῖναι
1092 2778 1145 2837 τοῦ
1165 2775 1291 2839 ἑλέσθαι
1313 2776 1363 2839 καὶ

210 2881 344 2946 εὐθύνειν
359 2880 530 2958 ἀναπληροῖ
549 2876 604 2955 τὴν
621 2878 747 2956 ἔνδειαν,
763 2878 792 2941 εί
812 2902 842 2942 τι
863 2879 1039 2960 φιλοτιμίας
1060 2879 1195 2960 ἔχουσιν,
1212 2880 1277 2943 ἐπεὶ
1293 2879 1363 2960 παρ’

210 2984 300 3050 ἐνίοις
316 2979 427 3063 δήμοις,
445 2980 500 3046 κδν
519 2980 560 3062 μὴ
580 2978 734 3063 μετέχωσι
754 2981 805 3056 τῆς
826 2981 970 3063 αἱρέσεως
992 2985 1052 3045 τιῖν
1073 2983 1174 3065 άρχιῖν
1190 2980 1270 3046 άλλά
1285 3007 1364 3049 τινες

211 3088 325 3167 αἱρετοὶ
347 3084 422 3149 κατὰ
442 3086 532 3168 μέρος
554 3086 586 3148 ἐκ
613 3083 745 3165 πάντων,
768 3085 872 3165 ὥσπερ
895 3088 928 3149 έν
951 3087 1127 3170 Μαντινείᾳ,
1151 3090 1204 3148 τοιῖ
1229 3087 1262 3149 δὲ
1288 3092 1364 3166 βου-

211 3188 355 3253 λεύεσθαι
372 3188 465 3272 κίριοι
481 3185 566 3264 ὦσιν,
583 3188 691 3255 ῖκανιῖς
707 3189 771 3271 έχει
787 3191 850 3254 τοῖς
865 3193 1004 3255 πολλοῖς.
1040 3189 1089 3252 καὶ
1110 3194 1156 3253 δεῖ
1169 3189 1298 3269 νομίζειν
1314 3187 1364 3254 καί

211 3292 291 3357 τοῦτ’
307 3293 383 3358 εἶναι
399 3291 505 3377 σχῆμά
519 3317 549 3356 τι
564 3292 772 3374 δημοκρατίας,
788 3292 891 3372 ὥσπερ
907 3293 940 3357 έν
957 3293 1124 3378 Μαντινείᾳ
1144 3291 1210 3356 ποτ’
1228 3291 1275 3372 ἦν.

255 3423 312 3478 48.
335 3411 436 3479 Thuo.
453 3434 485 3476 v.
504 3430 554 3494 29.
573 3432 611 3490 13
634 3426 685 3493 47.
702 3432 727 3476 1.

256 3542 313 3599 40.
336 3534 421 3598 Xon.
445 3529 577 3598 Hellen.
600 3553 632 3598 v.
658 3550 688 3595 υ.
713 3551 751 3597 2:
787 3531 993 3599 Αίοθάνεσθαι
1019 3533 1077 3616 γάρ
1102 3533 1224 3615 ἔφασαν
1250 3531 1297 3598 καὶ
1324 3534 1366 3602 ὡς

213 3639 300 3701 σῖτον
321 3634 492 3717 ἐξέπεμπον
513 3632 557 3721 (οῖ
579 3635 749 3721 Μαντινῆς)
775 3639 839 3703 τοῖς
860 3635 1010 3719 Ἀργείοις
1035 3644 1127 3717 σφῶν
1149 3637 1249 3704 αὐτοῖς
1272 3644 1366 3702 πολε-

212 3740 349 3820 μούντων
365 3788 372 3805 .
389 3786 397 3803 .
417 3786 425 3803 .
446 3736 494 3827 (6)
517 3739 662 3820 οἰομένων
685 3740 719 3803 δέ
743 3740 962 3805 ἀποθανεῖσθαι
989 3745 1048 3806 τῶν
1074 3741 1292 3824 ἀργολιζόντων
1316 3739 1367 3806 καὶ

212 3849 274 3908 τῶν
289 3847 342 3907 τοῖν
360 3840 454 3925 δήμου
465 3848 644 3924 προστατεῖν
658 3851 746 3908 κ.τ.λ

633 4046 697 4114 Tle
722 4047 953 4115 Government.

258 4162 316 4218 νο.
338 4149 440 4216 Thuc.
457 4173 490 4218 v.
506 4167 560 4234 47.
576 4173 607 4236 9.

257 4288 308 4346 ιι.
330 4277 459 4362 conia,
491 4279 528 4347 ο.
551 4280 592 4346 ο.
614 4278 647 4345 τ.
677 4279 699 4346 ι.
736 4240 815 4345 '1181
842 4281 1006 4371 (οςιοπι.
1030 4281 1112 4368 syn.
1139 4281 1224 4370 167),
1248 4303 1297 4347 vs.
1327 4282 1369 4345 ο.

217 4385 385 4469 Λαναργσλ
399 4385 462 4452 olle
476 4384 565 4466 ἦσαν·
583 4431 591 4450 .
608 4434 617 4453 .
634 4434 642 4450 .
657 4406 706 4450 νς.
724 4405 776 4472 34.
793 4389 959 4467 Μαντιντῖς·
981 4391 1121 4468 Φαῖδρος.
1143 4389 1248 4471 ίᾶχος.
1272 4387 1370 4451 Εὐδα-

298 4512 314 4555 ι.
336 4486 533 4573 Δαίστρατος.
558 4490 716 4566 Χορείδας.
