3000 5046
167 353 188 412 8
395 354 548 414 ORIGIN
569 353 663 414 AND
690 354 1016 413 ORGANIZATION
1041 355 1097 413 OF
1219 364 1318 429 [om.

169 556 347 633 μισηθεῖσαι
377 551 568 631 κατέστησαν
595 553 639 617 είς
664 552 800 630 πόλεμον
828 549 876 615 καὶ
906 551 1052 635 ταραχήν,
1078 553 1112 616 ἐν
1136 549 1156 638 ή
1183 551 1238 630 τήν
1263 554 1320 632 μὲν

169 654 317 736 ἡμετέραν
339 655 418 738 εύροι
440 679 486 721 τις
511 655 558 731 ἀν,
581 653 723 720 ἁπάντων
743 655 816 742 αὐτῇ
840 654 889 719 καί
915 659 975 718 τῶν
996 654 1158 733 Ἑλλήνων
1185 652 1233 719 καῖ
1260 660 1320 718 τῶν

169 757 337 840 βαρβάρων
352 758 545 839 ἐπιθεμένων,
562 757 613 836 έτη
630 757 701 823 δέκα
716 758 831 825 τούτοις
846 760 1004 842 ἀντισχεῖν
1019 764 1207 838 δυνηθεῖσαν,
1224 764 1319 822 Λακε-

171 863 341 941 δαιμονίους
352 864 385 926 δέ
397 866 575 944 κρατοῦντας
587 862 631 925 ἔτι
644 861 718 926 κατὰ
729 865 797 945 γήν,
809 862 884 944 πρὸς
897 865 1054 942 Θηβαίους
1065 865 1173 943 μόνους
1189 859 1320 941 πολεμή-

172 992 284 1033 σαντας
314 963 363 1030 καῖ
387 966 460 1047 μίαν
484 965 587 1050 μάχην
611 964 800 1045 ἡττηθέντας,
824 965 963 1032 ἀπάντων
989 966 1250 1048 ἀποστερηθέντας
1279 968 1322 1030 ὧν

172 1069 258 1153 εἶχον
273 1077 358 1133 κ.τ.λ.

215 1169 266 1236 ef.
286 1171 387 1238 Ιςοοτ.
402 1192 425 1252 4
438 1170 567 1257 Ραιιομ
586 1184 658 1254 154.

215 1304 272 1358 30.
295 1291 420 1359 Andoo.
444 1293 484 1358 de
505 1292 602 1370 Pace,
626 1310 666 1378 37
678 1314 685 1356 :
708 1294 750 1358 Οί
771 1294 898 1376 πατέρες
919 1292 1003 1374 ἡμῶν
1026 1292 1263 1377 κατειργάσαντο
1285 1320 1321 1381 τῃ

172 1398 264 1462 πόλει
287 1397 411 1477 δύναμιν
433 1398 584 1476 τοσαύτην
606 1398 685 1477 ὅσην
706 1397 787 1462 ούπω
810 1423 856 1464 τις
880 1398 960 1477 άλλη
984 1400 1074 1465 πόλις
1099 1396 1321 1477 ἐκτήσατο...
1398 1466 1403 1475 ,

173 1497 266 1588 (38).
284 1549 291 1564 .
309 1549 317 1563 .
335 1499 382 1565 καὶ
402 1506 495 1566 ταῦτα
515 1501 554 1566 τὰ
574 1503 674 1585 ἀγαθὰ
694 1502 726 1564 έν
746 1500 931 1584 ἀγδοήκοντα
951 1500 1000 1567 καὶ
1020 1502 1112 1568 πέντε
1131 1501 1203 1582 ἡμῖν
1222 1503 1324 1567 ἔτεσιν

172 1604 305 1688 ἐγένετο.
350 1602 420 1691 (39)
444 1603 641 1687 κρατηθέντες
662 1606 694 1668 δέ
715 1607 756 1691 τήν
776 1606 900 1692 πολέμῳ
917 1605 1001 1671 τότε
1017 1606 1098 1672 άλλα
1115 1604 1322 1686 ἀπωλέσαμεν,

173 1708 222 1773 καῖ
237 1711 275 1772 τά
289 1709 376 1792 τείχη
392 1706 440 1772 καὶ
455 1707 509 1775 τὰς
524 1713 596 1775 ναῦς
611 1709 728 1790 έλαβον
742 1708 825 1791 ἡμῶν
841 1708 967 1794 ἐνέχυρα
982 1712 1212 1792 Λακεδαιμόνιοι
1228 1717 1313 1774 κ.τ.λ.

217 1839 265 1894 31.
288 1828 428 1915 Lyeurg.
440 1828 483 1893 ιἰυ
493 1827 602 1894 Leocr.
618 1844 677 1911 72:
692 1833 862 1913 Τοιγαροῦν
872 1830 1021 1898 τοιαύταις
1032 1830 1182 1913 χρεόμενοι
1192 1832 1325 1914 γνώμαις

174 1932 352 2012 ἐνενήκοντα
366 1936 423 2014 μέν
439 1933 489 2011 ἔτη
506 1940 566 1999 τῶν
580 1932 741 2010 Ἑλλήνων
755 1933 901 2016 ἡγεμόνες
921 1935 1119 2013 κατέστησαν,
1131 1936 1276 2015 Φοινίκην
1291 1936 1324 1998 δέ

174 2037 222 2101 καὶ
243 2037 384 2101 Κιλικίαν
403 2037 587 2119 ἐπόρθησαν,
607 2033 654 2102 ἐπ’
673 2037 871 2118 Εὐρυμέδοντι
892 2041 924 2103 δὲ
947 2040 997 2104 καὶ
1016 2039 1256 2123 πεζομαχοῦντες
1276 2035 1325 2102 καὶ

174 2146 393 2224 ναυμαχοῦντες
409 2143 559 2220 ἐνίκησαν.

218 2272 272 2326 33.
291 2261 406 2347 Lysias
420 2259 610 2346 2Epitaplz.
621 2274 663 2343 55
676 2286 684 2326 :
700 2260 883 2342 Ἐλευθέραν
894 2259 949 2341 μὲν
959 2264 1106 2343 ἐποίησαν
1115 2261 1325 2343 τὴνἙλλάδα,

173 2366 321 2448 μεγίστην
342 2363 366 2430 δ’
385 2363 546 2445 ἀπέδειξαν
561 2367 616 2446 τήν
631 2370 744 2430 ἑαυτῶν
759 2367 895 2447 πατρίδα,
912 2365 1120 2447 ἑβδομήκοντα
1136 2364 1192 2446 μέν
1207 2368 1257 2444 ἔτη
1273 2370 1326 2446 τῆς

175 2466 326 2549 θαλάττης
357 2467 509 2552 ἄρξαντες,
540 2470 766 2536 ἀστασιάστους
803 2467 835 2534 δὲ
868 2472 1078 2553 παρασχόντες
1107 2471 1176 2539 τοῦς
1208 2469 1325 2553 συμμά-

174 2598 249 2657 χους
264 2578 350 2635 κ.τ.λ.

218 2698 272 2753 33.
295 2686 395 2753 Dion.
412 2684 490 2752 Hal.
509 2685 744 2752 Αοι.1ιοοι.ἱ.
762 2706 802 2772 3:
826 2683 983 2768 Ἀθηναῖοι
1002 2689 1059 2768 μέν
1080 2688 1107 2769 γ’
1124 2688 1214 2767 αὐτῆς
1235 2690 1327 2767 μόνον

176 2790 271 2873 ήρξαν
290 2793 344 2870 τῆς
363 2792 516 2873 παραλίου
536 2796 617 2856 δυεῖν
638 2791 745 2855 δέοντα
766 2790 961 2871 ἑβδομήκοντ’
981 2792 1043 2872 ἔτη,
1060 2794 1109 2857 καὶ
1129 2793 1198 2858 ούδέ
1219 2793 1326 2870 ταύτης

176 2895 305 2975 ἀπάσης,
327 2896 410 2959 ἀλλὰ
435 2897 489 2973 τῆς
517 2897 601 2961 ἐντὸς
625 2893 768 2973 Εύξείνου
795 2920 828 2960 τε
855 2896 966 2959 πόντου
993 2894 1042 2960 καὶ
1068 2901 1121 2960 τοῦ
1144 2897 1328 2979 Παμφυλίου

177 2996 340 3079 πελάγους,
359 2999 410 3062 ὅτε
431 2997 556 3077 μάλιστ’
579 2997 877 3080 ἐθαλασσοκράτουν.
924 3002 1152 3079 Λακεδαιμόνιοι
1175 2998 1207 3065 δὲ
1229 3005 1328 3064 Πελο·

178 3100 331 3181 ποννήσου
354 3100 403 3166 καὶ
425 3103 477 3179 τῆς
498 3101 598 3182 ἀλλης
620 3107 797 3184 κρατοῦντες
811 3100 972 3181 Ἑλλάδος,
987 3102 1042 3170 ἕως
1063 3107 1253 3171 Μακεδονίας
1273 3104 1329 3184 τήν

178 3206 276 3290 ἀρχὴν
290 3206 522 3288 προύβίβασαν,
538 3206 713 3284 ἐπαύθησαν
729 3205 753 3270 δ’
769 3208 828 3270 ὑπὸ
845 3209 1003 3287 Θηβαίων,
1019 3203 1080 3272 οὐδ’
1095 3209 1154 3271 ὅλα
1171 3206 1329 3291 τριάκοντα

179 3310 230 3389 έτη
246 3308 302 3390 τήν
317 3307 413 3391 ἀρχὴν
430 3311 643 3392 κατασχόντες.

222 3430 275 3486 34.
296 3419 411 3506 Polyb.
422 3418 444 3483 i.
454 3439 489 3487 2:
506 3421 740 3502 Λακεδαιμόνιοι
752 3420 886 3488 πολλοὺς
898 3420 1191 3503 ἀμφισβητήσαντες
1202 3424 1329 3506 χρόνους

178 3527 254 3606 ὑπὲρ
272 3526 323 3603 τῆς
337 3531 398 3589 τῶν
412 3521 573 3603 Ἑλλήνων
587 3524 760 3608 ἡγεμονίας,
777 3523 880 3604 ἐπειδή
896 3526 961 3590 ποτ’
977 3528 1154 3608 ἐκρότησαν,
1169 3529 1258 3608 μόλις
1278 3529 1328 3609 ἐτη

179 3630 293 3695 δύδεκα
309 3627 459 3712 κατέσχον
474 3627 567 3709 αὐτὴν
581 3628 731 3710 ἀδήριτον.

224 3752 276 3806 35.
302 3740 387 3805 Plat.
404 3739 467 3825 Ep.
484 3738 542 3803 vii.
559 3758 622 3825 332
639 3740 685 3803 B:
708 3740 779 3805 Ἔτι
802 3742 835 3805 δέ
855 3740 1012 3821 Ἀθηναῖοι
1033 3741 1108 3824 πρὸς
1132 3743 1254 3820 τούτοις,
1278 3744 1330 3807 οὐκ

181 3845 265 3909 αὐτοὶ
290 3844 515 3908 κατοικίσαντες
538 3841 659 3910 πολλὰς
682 3849 742 3908 τῶν
764 3842 925 3921 Ἑλλήνων
951 3847 1056 3913 πόλεις
1082 3849 1141 3911 ὑπὸ
1164 3847 1330 3929 βαρβάρων

181 3946 424 4029 ἐκβεβλημένος,
451 3946 521 4010 ἀλλ’
549 3945 724 4027 οἰκουμένας
749 3950 992 4029 παραλαβόντες,
1015 3952 1095 4031 ὅμως
1123 3949 1332 4031 ἑβδομήκοντα

181 4051 233 4130 έτη
249 4047 437 4131 διεφύλαξαν
457 4050 513 4130 τήν
534 4051 631 4134 ἀρχήν
649 4051 759 4134 ἄνδρας
777 4054 885 4132 φίλους
905 4055 938 4119 ἐν
957 4059 1021 4122 ταῖς
1039 4055 1169 4119 πόλεσιν
1190 4053 1331 4122 ἑκάσταις

181 4155 365 4234 κεκτημένοι.

225 4276 279 4330 36.
303 4264 442 4330 Aristid.
463 4285 500 4350 ¹3
511 4265 661 4333 Ραιιιιίίι.
676 4289 708 4354 p.
727 4284 788 4351 170
803 4267 834 4332 J.
850 4298 882 4326 =
898 4268 919 4333 i.
936 4291 968 4356 p,
986 4269 1049 4334 280
1059 4268 1100 4334 D.
1116 4293 1123 4334 :
1155 4270 1212 4333 Καὶ
1227 4269 1287 4350 μήν
1302 4272 1331 4333 οἱ

181 4371 236 4450 μέν
256 4367 352 4434 πλέον
371 4366 390 4448 ή
412 4368 620 4450 ἑβδομήκοντα
643 4373 694 4452 ἔτη
716 4372 923 4458 κατέσχον,οἱ
945 4374 971 4438 δ’
986 4371 1047 4438 οὐδ’
1067 4376 1111 4440 είς
1133 4379 1213 4456 τρεῖς
1237 4374 1330 4454 όλυμ·

182 4471 292 4541 πιάδος
306 4470 494 4556 διεφύλαξαν
509 4474 564 4556 τήν
580 4473 688 4561 ἀρχήν.
