3000 5046
141 364 284 430 τοι-141.]
546 356 881 418 BIOGRAPHICAL.

429 642 586 711 Ρονὶίιίσό
608 645 728 712 cousin
750 646 1009 733 Ειιιηρίοίοιαοο.

186 798 366 865 Ρ]ο1.Ροτ.
384 815 413 883 7.
459 799 521 867 See
536 801 641 867 above
656 810 698 867 V.
715 811 770 867 92.

489 1019 624 1087 Ιοοάίίοα
645 1020 724 1107 wife
745 1020 785 1107 of
805 1018 945 1087 Κόννου.

186 1188 259 1243 139.
282 1175 371 1240 Plut.
388 1174 474 1240 θένα.
490 1196 530 1254 4:
558 1179 661 1257 Δῆλος
678 1175 705 1241 δ’
720 1173 786 1242 ἐστὶ
808 1174 856 1240 καὶ
871 1182 947 1257 πρὸς
961 1173 1113 1256 Ἰσοδίκην
1127 1176 1183 1256 τὴν
1199 1176 1293 1259 Εὔρυ-

144 1281 295 1360 πτολέμου
323 1283 380 1358 μέν
410 1280 557 1362 θυγατέρα
588 1285 641 1344 τοῦ
671 1285 877 1365 Μεγακλέους,
912 1283 988 1344 κατά
1022 1281 1131 1359 νόμους
1159 1281 1186 1346 δ’
1214 1281 1293 1367 αύτηῖ

144 1385 378 1465 συμβιώσασαν,
408 1386 425 1448 ό
455 1384 559 1462 Κίμων
589 1385 813 1465 ἐμπαθέστερον
841 1381 989 1451 διατεθείς
1019 1382 1068 1449 καί
1098 1382 1295 1466 δυσφορήσας

145 1488 365 1567 ἀποθανούσης,
381 1488 410 1552 εί
421 1513 450 1551 τι
465 1492 511 1552 δεῖ
524 1488 734 1568 τεκμαίρεσθαι
749 1492 812 1553 ταῖς
828 1487 1045 1570 γεγραμμέναις
1062 1484 1111 1552 ἐπὶ
1126 1490 1295 1572 παρηγορίᾳ

144 1596 196 1655 τοῦ
211 1591 338 1658 πένθους
361 1591 510 1673 ἐλεγείοις
530 1597 604 1673 πρὸς
621 1590 719 1666 αὐτόν,
734 1593 777 1656 ὧν
793 1591 956 1658 Παναίτιος
974 1593 991 1655 θ
1010 1592 1186 1672 φιλόσοφος
1201 1592 1295 1656 οίεται

144 1695 270 1775 ποιητὴν
299 1694 455 1776 γεγονέναι
485 1700 539 1759 τὸν
568 1695 700 1776 φυσικὸν
723 1692 900 1778 Ἀρχέλαον,
925 1695 978 1759 ούκ
1004 1696 1064 1759 ἀπὸ
1090 1695 1202 1776 τρόπον
1231 1699 1295 1762 τοῖς

144 1799 264 1881 χρόνοις
279 1797 413 1876 εἰκάζων.

188 1899 276 1966 Ibid.
297 1903 344 1964 16.
391 1899 453 1966 See
468 1901 574 1967 above
588 1910 631 1966 V.
650 1913 704 1967 82.

460 2113 716 2201 Ειιιγρέοίαιηοο
736 2113 788 2180 θυι
815 2112 979 2200 Ῡοιιυραν.

189 2280 266 2340 140.
290 2267 351 2334 See
366 2267 449 2333 Xon.
467 2266 596 2334 Hellen.
612 2267 634 2332 i.
650 2288 681 2346 4.
700 2287 762 2354 193
786 2285 814 2349 7.
835 2271 883 2335 16.

639 2480 798 2567 Αοραοία.

191 2646 258 2700 141.
282 2635 370 2701 Plut.
387 2634 463 2700 Per.
483 2653 541 2715 24:
565 2632 652 2700 Ἐπεὶ
667 2633 692 2701 δ’
706 2635 863 2721 Ἀσπασίᾳ
877 2637 1074 2719 χαριζόμενος
1089 2641 1172 2702 δοκεῖ
1186 2635 1297 2719 πρῦξαι

146 2744 184 2804 τὸ
199 2739 273 2821 πρδς
288 2741 426 2818 Σαμίους,
441 2740 568 2804 ἐνταῦθα
585 2739 623 2804 ἀν
638 2740 683 2819 είη
700 2744 801 2822 καιρὸς
816 2744 997 2822 διαπορῆσαι
1011 2738 1146 2820 μάλιστα
1162 2741 1229 2822 περὶ
1244 2745 1297 2820 τῆς

146 2844 315 2925 ἀνθρώπου,
330 2845 397 2908 τίνα
412 2841 524 2926 τέχνην
537 2839 556 2922 ἢ
576 2843 700 2924 δύναμιν
715 2843 865 2923 τοσαύτην
881 2843 996 2927 έχονσα
1011 2849 1072 2908 τῶν
1085 2869 1118 2909 τε
1133 2851 1298 2907 πολιτικῶν

146 2947 215 3013 τοῦς
234 2947 441 3028 πρωτεύοντας
463 2947 648 3029 ἐχειράσατο
670 2947 805 3012 καὶτοῖς
828 2948 1017 3028 φιλοσόφοις
1040 2946 1074 3011 ού
1093 2934 1215 3028 ’φαῦλον
1237 2947 1298 3012 οὐδ’

147 3051 253 3132 ὀλίγον
267 3051 343 3130 ὑπὲρ
364 3051 455 3128 αύτῆς
477 3052 612 3133 παρέσχε
634 3051 740 3132 λόγον.
786 3051 834 3115 ότι
848 3051 904 3130 μὲν
918 3048 976 3134 γὰρ
991 3049 1028 3130 ῆν
1045 3051 1185 3129 Μιλησία
1200 3050 1298 3132 γένος,

146 3153 291 3239 Ἀξιόχου
314 3153 453 3235 θυγάτηρ,
477 3155 679 3236 ὁμολογεῖται·
711 3150 790 3236 φασὶ
806 3153 831 3219 δ’
848 3154 939 3234 αύτῆν
953 3155 1131 3237 Θαργηλίαν
1153 3159 1299 3221 τινὰτῶν

147 3263 288 3322 παλαιῶν
313 3253 416 3321 ’Ῑάδων
442 3257 624 3335 ζηλόσασαν
651 3257 810 3323 ἐπιθέσθαι
831 3262 895 3325 τοῖς
921 3257 1136 3324 δυνατωτάτοις
1163 3258 1299 3339 ἀνδράσι.

149 3359 197 3426 καὶ
212 3365 270 3443 γὰρ
284 3359 303 3438 ῆ
321 3360 484 3441 Θαργηλία
498 3359 535 3424 τό
548 3358 574 3423 τ’
589 3360 669 3426 εἶδος
685 3361 835 3442 εὐπρεπὴς
849 3360 995 3443 γενομένη
1012 3358 1060 3425 καὶ
1077 3359 1168 3444 χάριν
1183 3361 1299 3444 έχουσα

148 3463 223 3547 μετὰ
238 3466 408 3541 δεινότητος
423 3464 581 3528 πλείστοις
595 3467 652 3544 μὲν
665 3462 829 3543 Ἑλλήνων
842 3462 1018 3549 συνῴκησεν
1033 3463 1168 3546 ἀνδράσι,
1185 3464 1298 3531 πάντας

149 3571 181 3631 δὲ
204 3569 413 3647 προσεποίησε
434 3569 563 3645 βασιλεῖ
584 3566 652 3633 τοὺς
674 3564 907 3644 πλησιάσαντας
924 3566 1009 3653 αὐτῇ,
1033 3562 1082 3630 καὶ
1104 3571 1169 3634 ταῖς
1187 3567 1300 3631 πόλεσι

147 3673 300 3750 μηδισμοῦ
329 3665 368 3733 δι’
399 3669 520 3733 ἐκείνων
547 3669 729 3751 ὑπέσπειρεν
758 3666 853 3753 ἀρχάς
883 3667 1097 3734 δυνατωτάτων
1126 3671 1221 3734 όντων
1251 3669 1300 3734 καὶ

148 3775 311 3857 μεγίστων.
355 3773 411 3852 τήν
433 3771 458 3836 δ’
475 3772 650 3838 Ἀσπασίαν
669 3775 699 3837 οί
720 3775 777 3855 μὲν
796 3773 836 3839 ῦς
858 3771 962 3854 σοφήν
981 3797 1048 3836 τινα
1070 3768 1120 3838 καί
1142 3773 1300 3852 πολιτικὴν

148 3878 208 3943 ὑπὸ
223 3883 275 3940 τοῦ
292 3875 476 3957 Περικλέους
491 3880 720 3955 σπουδασθῆναι
735 3875 872 3959 λέγουσι·
903 3878 952 3941 καὶ
967 3875 1025 3959 γάρ
1041 3874 1200 3958 Σωκράτης
1214 3876 1299 3942 ἔστιν

150 3983 200 4046 ότε
222 3980 298 4062 μετὰ
319 3986 379 4045 τῶν
399 3979 556 4063 γνωρίμων
576 3981 691 4062 ἐφοίτα,
714 3981 763 4045 καὶ
785 3979 838 4046 τάς
860 3985 1003 4064 γυναῖκας
1025 3978 1249 4062 ἀκροασομένας
1270 3981 1301 4045 οί

151 4083 290 4164 συνήθεις
312 4083 387 4167 ῆγον
409 4086 452 4150 είς
474 4082 576 4162 ούτήν,
598 4085 704 4166 καίπερ
727 4083 763 4148 ού
785 4084 912 4164 κοσμίου
934 4087 1133 4167 προεστῶσαν
1155 4083 1299 4165 ἐργασίας

137 4189 218 4253 ὀῦδὲ
241 4191 362 4267 σεμνῆς,
386 4188 469 4251 ἀλλά
491 4187 652 4254 παιδίσκας
674 4187 851 4270 ἑταιρούσας
876 4187 1059 4268 τρέφουσαν·
1092 4186 1243 4269 Αἰσχίνης
1266 4184 1301 4251 δέ

152 4299 231 4371 φησι
254 4288 303 4354 καὶ
321 4288 475 4354 Λυσικλέα
496 4295 548 4355 τδν
570 4290 846 4372 προβατοκάπηλον
869 4288 905 4369 ἐξ
924 4291 1066 4372 ἀγεννοῦς
1088 4291 1138 4354 καί
1160 4293 1301 4354 ταπεινοῦ

151 4395 208 4473 τῆν
228 4393 322 4475 φύσιν
337 4389 505 4470 Ἀθηναίων
523 4394 666 4476 γενέσθαι
689 4401 806 4476 πρῶτον
820 4393 980 4478 Ἀσπασίᾳ
1002 4393 1133 4459 συνόντα
1151 4391 1227 4471 μετὰ
1245 4389 1301 4472 τῆν

153 4496 337 4576 Περικλέους
359 4497 510 4577 τελευτήν.
547 4497 580 4563 έν
595 4500 626 4562 δὲ
644 4499 686 4584 τῷ
703 4495 861 4583 Μενεξένῳ
877 4498 917 4583 τῷ
929 4495 1104 4577 Πλάτωνος,
1119 4497 1146 4562 εί
1161 4496 1210 4561 καί
1223 4497 1302 4578 μετὰ
