3000 5046
200 361 258 423 188
539 364 624 423 THE
648 364 883 422 ATHENIAN
907 364 1012 423 CITY.
1225 374 1286 439 [ch.
1299 376 1350 423 Π.

197 559 332 639 μάλιστα
347 567 406 624 τῶν
421 558 648 640 πολιτευμάτων
666 565 718 624 τοῦ
739 562 921 642 Περικλέους
938 560 1122 641 ἐβάσκαινον
1139 561 1168 622 οῖ
1184 557 1287 644 ε’χθροί
1303 561 1350 623 καὶ

198 661 367 742 διέβαλλον
391 665 423 727 έν
447 668 511 730 ταῖς
536 665 710 745 ἐκκλησίαις
730 671 873 744 βοῶντες,
895 663 934 730 ὥς
953 666 968 727 ὁ
988 665 1044 745 μὲν
1064 667 1154 741 δῆμος
1177 661 1280 742 ἀδοξεῖ
1301 661 1350 726 καὶ

199 771 295 832 κακῶς
317 767 418 831 ἀκούει
438 765 475 830 τά
491 770 576 831 κοινά
595 776 655 834 τιῦν
669 767 829 843 Ἑλλήνων
848 767 988 851 χρήματα
1002 773 1076 849 πρδς
1092 767 1181 831 αὑτὸν
1196 768 1229 829 έκ
1246 767 1351 846 Δήλου

197 872 384 953 μεταγαγών,
400 869 419 949 ῆ
435 872 461 936 δ’
477 872 596 936 ἔνεστιν
618 871 696 958 αύτῷ
718 879 791 953 πρὸς
813 871 881 938 τοὺς
902 874 1105 954 ἐγκαλοῦντας
1125 871 1350 951 εὐπρεπεστάτη

198 982 259 1039 τῦν
282 973 476 1057 προφάσεων,
500 977 643 1040 δείσαντα
668 976 737 1042 τοὺς
763 975 938 1057 βαρβάρους
964 978 1079 1041 έκεῖθεν
1108 974 1272 1040 ἀνελέσθαι
1302 971 1350 1038 καὶ

199 1077 365 1158 φυλάττειν
386 1082 419 1143 έν
441 1079 538 1164 ὀχυρῷ
555 1083 592 1142 τά
613 1077 707 1157 κοινά,
721 1079 831 1157 ταύτην
852 1078 979 1166 ἀνῄρηκε
1004 1083 1165 1160 Περικλῆς·
1198 1076 1246 1142 καὶ
1270 1082 1352 1143 δοκεῖ

199 1181 300 1261 δειυῆν
315 1183 405 1262 ῦβριν
420 1181 439 1261 ῆ
454 1181 571 1249 Ἑλλὰς
581 1184 761 1263 ὑβρίζεσθαι
777 1181 826 1246 καὶ
838 1188 1047 1265 τυραννεῖσθαι
1058 1187 1239 1264 περιφανῶς,
1250 1184 1352 1261 άρῦσα

198 1289 261 1352 τοῖς
277 1285 508 1368 εἰσφερομένοις
523 1287 573 1351 ὑπ’
589 1287 680 1364 αύτῆς
695 1287 861 1370 ἀναγκαίως
882 1291 956 1367 πρὸς
977 1292 1029 1350 τδν
1049 1287 1185 1367 πόλεμον
1199 1286 1277 1364 ῆμῖις
1296 1286 1352 1364 τῆν

199 1388 290 1452 πόλιν
314 1395 575 1474 καταχρυσοῦντας
600 1392 649 1455 καὶ
673 1390 920 1468 καλλωπίζοντας
944 1391 1047 1470 ὥσπερ
1068 1390 1201 1467 ἀλαζόνα
1215 1393 1350 1472 γυναῖκα,

199 1492 440 1573 περιαπτομένην
455 1495 559 1561 λίθους
581 1497 761 1560 πολυτελεῖς
784 1495 834 1557 καὶ
857 1492 1016 1575 ἀγάλματα
1039 1490 1087 1557 καὶ
1107 1493 1195 1560 νσοάς
1214 1500 1351 1575 χιλιοτα-

198 1595 335 1664 λάντους.
381 1599 540 1663 ἐδίδασκεν
564 1597 616 1662 οῦν
640 1599 656 1660 ό
678 1600 830 1676 Περικλῆς
852 1597 905 1662 τὸν
924 1599 1029 1677 δῆμον,
1050 1598 1096 1660 ότι
1117 1595 1277 1680 χρημάτων
1296 1599 1351 1675 μέν

199 1699 252 1766 οῦκ
267 1700 430 1781 ὀφείλουσι
444 1706 506 1768 τοῖς
522 1701 692 1786 συμμάχοις
707 1702 801 1780 λόγου
821 1707 1080 1783 προπολεμοῦντες
1099 1702 1197 1766 αὐτῶν
1214 1699 1261 1765 καί
1283 1701 1352 1766 τοῦς

198 1802 373 1884 βαρβάρους
398 1806 594 1888 ἀνείργοντες,
623 1806 680 1888 οὐχ
709 1807 812 1884 ἵππον,
842 1805 878 1869 οῦ
907 1811 989 1881 ναῦν,
1016 1804 1072 1889 οὐχ
1100 1805 1238 1883 ὁπλίτην,
1268 1804 1351 1869 ἀλλά

199 1904 338 1990 χρήματα
362 1909 456 1989 μόνον
478 1910 655 1984 τελούντων,
679 1908 698 1971 ἀ
723 1914 783 1971 τῶν
809 1909 952 1974 διδόντων
975 1910 1027 1973 οῦκ
1055 1909 1148 1988 ἔστιν,
1179 1907 1262 1972 άλλά
1291 1915 1351 1973 τῶν

198 2011 427 2092 λαμβανόντων,
443 2011 482 2076 δν
496 2011 671 2095 παρέχωσιν
692 2009 757 2076 ἀνθ’
776 2011 811 2075 οῦ
830 2011 1032 2093 λαμβάνουσι·
1054 2015 1146 2077 δεῖδὲ
1162 2014 1215 2089 τῆς
1231 2014 1351 2078 πόλεως

200 2114 476 2195 κατεσκευασμένης
495 2119 603 2182 ἱκανῶς
618 2120 680 2184 τοῖς
697 2117 871 2197 ἀναγκαίοις
887 2121 961 2196 πρὸς
976 2120 1028 2180 τδν
1043 2115 1185 2194 πόλεμον,
1203 2116 1245 2180 εἶς
1260 2120 1352 2178 ταῦτα

199 2217 256 2296 τῆν
286 2220 426 2300 εὐπορίαν
456 2219 576 2301 τρέπειν
605 2221 702 2298 αὐτῆς,
730 2219 784 2300 ἀφ’
808 2221 850 2285 ὧν
876 2217 949 2301 δόξα
973 2220 1030 2299 μὲν
1055 2218 1224 2302 γενομένων
1248 2217 1352 2294 ἀίδιος,

200 2321 323 2402 εύπορία
338 2325 370 2385 δέ
385 2323 551 2406 γινομένων
564 2324 666 2404 έτοίμη
680 2322 838 2403 παρέσται,
850 2325 1040 2401 παντοδαπῆς
1052 2323 1194 2407 έργασίας
1205 2324 1352 2403 φανείσης
1389 2392 1392 2397 ⁴

201 2420 251 2488 καὶ
276 2426 423 2490 ποικίλων
452 2431 572 2511 χρειῶν,
594 2426 626 2491 αῖ
649 2430 752 2492 πᾶσαν
775 2429 831 2505 μέν
855 2426 965 2510 τέχνην
988 2427 1169 2509 έγείρουσαι,
1194 2429 1296 2489 πᾶσαν
1318 2427 1352 2489 δὲ

199 2532 288 2611 χεῖρα
304 2533 450 2608 κινοῦσαι,
467 2535 580 2615 σχεδόν
596 2532 671 2608 όλην
687 2534 826 2594 ποιοῦσιν
849 2531 997 2612 ἔμμισθον
1020 2530 1074 2609 τῆν
1095 2531 1186 2596 πόλιν
1207 2528 1243 2608 έξ
1261 2529 1352 2606 αύτῆς

200 2630 262 2713 ἀμα
277 2632 481 2714 κοσμουμένην
496 2630 544 2697 καὶ
559 2633 755 2716 τρεφομένην.
801 2638 863 2700 τοῖς
884 2639 941 2714 μὲν
963 2637 1020 2718 γάρ
1040 2634 1160 2714 ῆλικίαν
1181 2634 1287 2716 έχουσι
1303 2629 1351 2697 καί

198 2736 302 2819 ῥύμην
324 2738 356 2800 αί
380 2741 532 2820 στρατεῖαι
555 2741 608 2804 τάς
631 2739 690 2801 ἀπὸ
713 2743 774 2802 τῶν
796 2744 904 2803 κοινῶν
927 2738 1065 2818 εῦπορίας
1080 2742 1234 2820 παρεῖχον,
1250 2743 1302 2800 τὸν
1325 2734 1350 2799 δ’

200 2840 386 2907 ἀσύντακτον
402 2844 447 2905 καὶ
464 2841 623 2922 βάναυσον
639 2844 736 2926 ὄχλον
750 2841 810 2906 οὔτ’
826 2842 950 2923 ἄμοιρον
966 2842 1042 2908 εῖναι
1058 2842 1222 2923 λημμάτων
1236 2840 1352 2921 βουλό-

199 2969 289 3024 μενος
307 2945 373 3009 οὔτε
388 2945 560 3026 λαμβάνειν
576 2947 668 3027 άργδν
683 2943 731 3010 καί
748 2945 948 3030 σχολάζοντα,
959 2943 1095 3027 μεγάλας
1106 2943 1351 3022 κατασκευασμά-

200 3071 261 3110 των
276 3047 426 3126 έπιβολάς
447 3051 496 3113 καὶ
516 3048 719 3131 πολυτέχνους
739 3049 899 3115 ῦποθέσεις
923 3049 1018 3130 ἔργων
1040 3049 1199 3131 διατριβὴν
1222 3049 1352 3132 έχόντων

200 3149 330 3226 ένέβαλε
356 3151 458 3231 φέρων
484 3154 527 3219 είς
550 3158 604 3218 τδν
629 3156 732 3232 δῆμον,
748 3154 799 3217 ἵνα
820 3156 913 3232 μηδέν
935 3153 1025 3232 ἦττον
1043 3160 1104 3217 τῦν
1126 3151 1280 3216 πλεόντων
1303 3149 1352 3214 καὶ

200 3255 411 3335 φρουρούντων
427 3251 476 3318 καὶ
492 3257 735 3338 στρατευομένων
748 3262 783 3321 τδ
799 3258 954 3337 οἰκουροῦν
974 3256 1030 3343 ἔχη
1046 3257 1202 3337 πρόφασιν
1217 3256 1277 3318 ἀπὸ
1292 3263 1352 3320 τῶν

200 3358 352 3435 δημοσίων
378 3358 566 3440 ἀφελεῖσθαι
593 3356 642 3424 καὶ
668 3361 923 3441 μεταλαμβάνειν.
969 3361 1045 3423 ὅπου
1070 3359 1128 3441 γάρ
1153 3360 1210 3438 ῦλη
1237 3359 1292 3439 μέν
1316 3360 1352 3434 ῆν

199 3462 296 3540 λίθος,
318 3463 443 3544 χαλκός,
467 3463 592 3545 ἐλέφας,
615 3464 737 3546 χρυσός,
764 3464 879 3544 έβενος,
904 3463 1102 3545 κυπάρισσος,
1126 3465 1157 3526 αἱ
1184 3466 1216 3527 δέ
1242 3462 1353 3540 ταύτην

200 3566 380 3630 έκπονοῦσαι
397 3563 446 3630 καὶ
459 3567 708 3651 κατεργαζόμεναι
721 3567 836 3651 τέχναι,
848 3567 991 3646 τέκτονες,
1001 3569 1145 3641 πλάσται,
1155 3565 1351 3647 χαλκοτύποι,

199 3670 363 3752 λιθουργοί,
378 3673 504 3751 βαφεῖς,
516 3676 632 3754 χρυσοῦ
654 3675 844 3753 μαλακτῆρες
870 3670 972 3755 [staff]
994 3668 1167 3751 έλέφαυτος,
1192 3667 1352 3750 ζωγράφοι,

200 3775 362 3848 ποικιλταί,
378 3775 525 3855 τορευταί,
546 3772 657 3855 πομποὶ
682 3776 714 3837 δὲ
736 3775 848 3840 τούτων
872 3772 921 3839 καὶ
944 3775 1133 3854 κομιστῆρες,
1156 3773 1282 3853 ἔμποροι
1304 3773 1352 3834 καὶ

200 3879 305 3939 ναῦται
321 3874 370 3939 καὶ
386 3881 563 3959 κυβερνῆται
581 3877 656 3942 κατά
671 3877 833 3957 θάλατταν,
846 3881 875 3942 οῖ
890 3882 922 3943 δέ
938 3877 1013 3943 κατά
1027 3879 1083 3960 γῆν
1098 3871 1288 3958 ἁμαξοπηγοὶ
1303 3873 1351 3939 καὶ

201 3978 395 4060 ζευγοτρόφοι
419 3977 466 4043 καὶ
491 3980 610 4064 ἡνίοχοι
634 3979 683 4045 καί
707 3982 919 4063 καλωστρόφοι
942 3978 992 4047 καὶ
1012 3981 1163 4061 λινουργοὶ
1179 3976 1228 4043 καὶ
1244 4004 1351 4042 σκυτα-

200 4082 287 4160 τόμοι
304 4087 350 4144 καὶ
366 4082 501 4147 ὁδοποιοί
513 4081 561 4147 καί
573 4090 744 4166 μεταλλεῖς,
757 4084 867 4164 ἑκάστη
879 4088 910 4148 δὲ
923 4085 1026 4170 τέχνη,
1039 4083 1172 4165 καθάπερ
1184 4081 1353 4164 στρατηγὸς

199 4187 279 4251 ἴδιον
293 4184 471 4267 στράτευμα,
487 4193 538 4253 τδν
553 4192 676 4267 θητικὸν
692 4190 789 4273 ὄχλου
804 4186 853 4253 καί
868 4190 989 4268 ῖδιάτην
1005 4189 1246 4271 συντεταγμένου
1261 4186 1352 4269 εἶχεν,

201 4289 331 4370 ὄργανον
354 4294 402 4353 καὶ
430 4299 518 4373 σῶμα
544 4294 597 4369 τῆς
623 4294 785 4373 ὑπηρεσίας
811 4292 978 4377 γινόμενον,
1003 4295 1045 4359 είς
1071 4296 1186 4369 πᾶσαν,
1211 4291 1251 4356 ὡς
1281 4291 1353 4356 έπος

201 4393 307 4472 ιίπεῖν,
331 4391 453 4472 ἡλικίαν
479 4396 529 4459 καὶ
553 4395 649 4477 φύσιν
674 4398 706 4460 αῖ
730 4400 831 4480 χρεῖαι
857 4397 994 4476 διένεμον
1019 4392 1068 4459 καὶ
1098 4395 1269 4475 διέσπειρον
1298 4392 1353 4471 τῆν

200 4493 351 4579 τύπυρίαυ.
387 4492 458 4585 (13)
473 4499 700 4581 άναβαιυόντων
712 4501 745 4564 δέ
759 4508 820 4567 τῦν
836 4500 931 4584 έργων
945 4497 1146 4582 ὑπερηφάνων
1155 4500 1211 4579 μέν
1221 4496 1353 4581 μεγέθει,
