3000 5046
205 343 265 423 238
613 352 947 413 BIOGRAPHICAL.
1228 361 1292 428 [οτι.
1303 364 1358 413 v1.

206 548 245 613 ὣς
268 549 357 612 αὑτοῦ
378 552 432 611 τοῦ
455 549 543 631 ἐργου
566 549 654 615 ὄντος
676 550 725 612 καὶ
747 553 801 612 τοῦ
821 547 1019 628 ἀναθήματος,
1035 549 1107 613 ἁλλ’
1123 550 1157 614 ού
1180 553 1281 612 κοινοῦ
1296 553 1358 612 τῶν

206 653 382 734 συμμάχων·
405 648 474 738 (98)
497 650 698 734 ὀργισθέντων
721 653 754 716 δέ
777 657 837 715 τῶν
855 649 1017 731 Ἑλλήνων
1039 655 1067 716 οἱ
1086 658 1254 717 Πλαταιεῖς
1277 659 1355 734 λαγ-

204 756 336 840 χάνουσι
361 755 445 833 δίκην
468 758 530 820 τοΐς
554 755 799 837 Λακεδαιμονίοις
825 757 869 822 είς
898 755 967 822 τοὺς
994 753 1217 837 ’Λμφικτύονας
1248 755 1357 837 χιλίων

204 859 361 925 ταλάντων
375 861 449 939 ύπέρ
464 865 525 924 τῶν
549 857 727 941 συμμάχων,
746 856 795 923 καὶ
809 857 987 941 ἠνάγκασαν
1001 859 1106 925 αὐτοὺς
1122 859 1355 941 ἐκκολάψαντας

205 960 243 1027 τὰ
258 963 379 1044 ἐλεγεῖα
395 963 563 1043 ἐπιγράψαι
577 964 630 1027 τας
647 963 752 1029 πόλεις
767 961 820 1027 τὰς
837 963 1037 1028 κοινωνούσας
1052 969 1105 1027 τοῦ
1121 963 1219 1045 ἐργου.
1249 962 1356 1042 διόπερ

205 1066 305 1132 αὐτοῖς
320 1065 378 1148 ούχ
392 1065 502 1144 ἥκιστα
517 1065 768 1147 παρηκολούθειὴ
786 1066 880 1148 έχθρα
899 1069 980 1148 παρὰ
1001 1066 1243 1145 Λακεδαιμονίων
1258 1062 1307 1130 καὶ
1322 1067 1356 1129 ἐκ

204 1173 259 1233 τοῦ
272 1168 376 1251 γένους
392 1173 445 1232 τοῦ
460 1167 636 1248 βασιλείου.

248 1299 294 1354 11.
316 1288 413 1353 Paua.
429 1287 476 1353 iii.
496 1303 545 1370 17.
570 1287 609 1353 8:
642 1287 700 1355 Ὠς
722 1287 781 1369 γάρ
804 1289 840 1368 δι)
868 1288 1003 1370 διέτριβε
1028 1291 1095 1370 περὶ
1116 1287 1356 1369 Ἑλλήσποντον

205 1395 293 1460 ναυσὶ
307 1398 369 1457 τῶυ
385 1418 418 1458 τε
438 1394 543 1457 ἄλλων
563 1394 613 1457 καὶ
635 1393 733 1457 αὐτῶν
756 1393 1007 1474 Λακεδαιμονίων,
1023 1391 1173 1468 παρθένου
1192 1394 1356 1472 Βυζαντίας

204 1498 385 1578 ἐπεθύμησε·
408 1498 457 1560 καὶ
481 1497 584 1561 αὐτίκα
608 1501 712 1563 νυκτὸς
733 1496 900 1580 ἀρχομένης
924 1497 979 1576 τὴν
1001 1499 1177 1575 Κλεονίκην,
1194 1502 1281 1561 τοῦτο
1295 1497 1356 1580 γάρ

204 1604 301 1681 ὄνομα
323 1601 361 1682 ἦν
383 1603 420 1689 τῇ
447 1602 528 1689 κόρη,
545 1602 717 1681 κομίζουσιν
742 1602 788 1668 οίς
812 1600 998 1665 ἐπετέτακτο.
1044 1601 1078 1664 ἐν
1098 1602 1191 1685 ταύτην
1207 1603 1241 1664 δέ
1255 1602 1355 1668 ύτνω·

203 1705 295 1787 μένον
307 1711 363 1771 τὸν
383 1708 561 1770 Παυσανίαν
582 1703 741 1788 ἐπήγειρεν
761 1707 778 1768 δ
793 1707 908 1787 ψόφος·
934 1706 1021 1768 ίοῦσα
1035 1707 1094 1786 γὰρ
1110 1704 1180 1786 παρ’
1196 1704 1288 1770 αύτδν
1301 1705 1355 1771 τὸν

204 1809 363 1890 καιόμενον
377 1809 492 1893 λύχνον
510 1809 680 1889 κατέβαλεν
695 1809 819 1873 ἄκουσα.
865 1808 919 1873 ότε
933 1812 967 1873 δέ
982 1810 999 1871 ὁ
1015 1810 1194 1875 Παυσανίας
1209 1810 1355 1876 συνειδὼς

203 1914 282 1999 αύτῷ
305 1912 474 1994 προδιδόντι
496 1914 552 1992 τὴν
571 1909 711 1976 Ἑλλάδα
735 1914 784 1977 καὶ
808 1911 846 1977 δι’
862 1913 935 1977 αὐτὸ
958 1913 1102 1994 ἐχόμενος
1122 1913 1238 1999 ταραχῇ
1258 1936 1291 1977 τε
1306 1913 1355 1978 ἀεὶ

204 2018 254 2081 καὶ
269 2017 394 2096 δείματι,
410 2014 518 2096 ἐξέστη
533 2018 582 2082 καὶ
597 2017 666 2082 τότε
681 2016 730 2082 καὶ
746 2017 800 2098 τὴν
814 2021 907 2081 παῖδα
921 2017 963 2101 τῷ
978 2017 1104 2104 άκινόκη
1120 2017 1210 2080 παίει.

247 2146 297 2202 12.
319 2136 441 2202 Athon.
458 2137 516 2201 xii.
532 2150 597 2222 535
610 2137 658 2202 E:
683 2141 793 2220 Δοῦρις
808 2136 834 2201 δ’
851 2138 884 2201 ἐν
898 2163 935 2224 τῃ
955 2137 1077 2222 δευτέρη
1093 2136 1141 2201 καί
1156 2137 1278 2220 εἰκοστῇ
1292 2143 1354 2202 τῶν

204 2243 346 2324 ίστοριῶν
366 2237 416 2324 (P.
433 2240 478 2305 Η.
496 2241 532 2307 G.
549 2241 585 2305 ii.
599 2257 663 2324 477
673 2239 724 2326 fr.
743 2237 808 2327 31),
828 2249 845 2277 “
859 2241 1035 2308 Παυσανίας
1052 2241 1109 2322 μέν
1123 2237 1247 2328 (φησὶν)
1262 2243 1279 2304 ὅ
1294 2246 1355 2306 τῶν

204 2349 400 2427 Σπαρτιατῶν
409 2344 558 2425 βασιλεὺς
569 2344 770 2426 καταθέμενος
784 2351 837 2410 τδν
851 2343 978 2429 πάτριον
986 2346 1120 2427 τρίβωνα
1135 2344 1190 2422 την
1199 2345 1355 2426 Περσικὴν

203 2449 340 2515 ἐνεδύετο
355 2447 497 2529 στολήυ.”

469 2637 601 2704 Κυαίοι·
619 2637 790 2706 inscribed
812 2637 853 2725 δγ
875 2637 1085 2706 Pansam.

245 2787 294 2843 13.
317 2776 398 2842 Hdt.
413 2776 459 2841 iv.
476 2775 528 2842 81.

246 2907 296 2963 14.
319 2895 442 2964 Athen.
457 2897 516 2962 xii.
536 2898 659 2984 536A:
682 2899 807 2980 Νύμφις
825 2901 858 2964 δέ
877 2901 894 2962 ὁ
911 2895 1126 2982 Ἡρακλεώτης
1148 2901 1182 2963 ἐν
1201 2898 1276 2983 ἐκτιρ
1291 2903 1352 2961 τῶν

202 2998 272 3083 περί
283 3003 337 3080 τῆς
347 3003 490 3083 πατρίδος
500 2999 551 3088 (θ’.
564 3002 609 3067 H.
625 3003 661 3069 G.
674 3001 826 3086 iii.15sr.
836 3000 899 3089 15),
909 3011 926 3039 “
937 3005 1124 3079 Παυσανίας,
1134 3004 1241 3085 φησίν,
1255 3005 1271 3066 ό
1283 3005 1353 3085 περὶ

203 3104 361 3173 Πλαταιάς
384 3104 510 3186 νικήσας
535 3108 715 3188 Μαρδόνιον,
730 3105 770 3172 τὰ
787 3110 840 3186 τῆς
860 3106 996 3189 Σπάρτης
1016 3105 1151 3187 ἐξελθὼν
1166 3107 1285 3187 νόμιμα,
1303 3104 1352 3173 καί

202 3211 245 3276 είς
275 3209 480 3294 ύπερηφωνίαυ
509 3209 629 3277 ἐπιδοὺς
653 3209 721 3289 περί
744 3210 906 3290 Βυζάντιον
936 3212 1112 3293 διατρίβων,
1137 3217 1190 3276 τὸν
1216 3215 1353 3295 χαλκοῦν

202 3316 334 3396 κρατῆρα
347 3320 400 3378 τὸν
415 3315 611 3395 ἀνακείμενον
625 3319 689 3382 τοῖς
706 3319 787 3382 θεοῖς
802 3320 866 3382 τοῖς
876 3312 925 3380 ἐπί
939 3320 992 3379 τοῦ
1008 3316 1157 3394 στόματος
1174 3313 1351 3393 ἱδρυμένοις,

202 3415 238 3483 δν
266 3418 311 3482 ἔτι
341 3416 390 3483 καὶ
415 3423 469 3484 νῦν
495 3419 573 3484 εἶναι
602 3420 774 3501 συμβαίνει,
800 3420 970 3501 ἐτόλμησεν
994 3418 1173 3502 ἐπιγράψαι,
1197 3418 1237 3484 ὡς
1263 3417 1352 3485 αὐτὸς

202 3521 337 3601 άναθείη,
347 3518 469 3590 ύποθείς
484 3523 552 3588 τόδε
567 3522 602 3585 τὸ
619 3523 800 3606 ἐπίγραμμα,
815 3527 865 3588 διὰ
880 3523 935 3604 τὴν
950 3523 1065 3606 τρυφὴν
1080 3520 1129 3586 καὶ
1144 3523 1351 3604 ὑπερηφανίαν

202 3627 419 3706 ἐπιλαθόμενος
433 3627 533 3689 αύτοΰ·

373 3729 464 3810 μνᾶμ’
486 3730 593 3812 άρετῖις
616 3730 742 3809 άνέθηκε
767 3729 961 3795 Ποσειδάωνι
984 3731 1089 3796 άνακτι

418 3834 606 3912 Παυσανίας,
629 3833 731 3917 άρχων
751 3832 904 3902 Ἑλλάδος
927 3835 1099 3918 εύρυχάρου,

372 3936 485 4003 πόντου
506 3933 553 4000 ἐπ’
575 3936 729 4017 Εὐξείνου,
752 3938 986 4017 Λακεδαιμόνιος
1008 3938 1106 4021 γένος,
1130 3939 1194 4003 υἱός

417 4040 641 4122 Κλεομβρότου,
664 4042 789 4124 ἂρχαίας
810 4040 980 4124 Ἡρακλέος
1001 4040 1138 4125 γενεᾶς.”

355 4241 421 4308 His
444 4243 609 4328 Αίίονιρίο
631 4265 676 4308 ου
699 4243 749 4309 θαι
770 4245 926 4329 Spartan
947 4242 1186 4310 θοαιίίίυνὶοιι.

242 4393 291 4447 15.
312 4381 415 4446 Arist.
438 4379 511 4446 Pol.
534 4380 605 4446 viii.
630 4378 687 4468 (v.)
710 4379 755 4446 vi.
779 4379 836 4470 (7.)
861 4400 889 4447 2.
917 4398 998 4467 1307
1014 4403 1035 4446 α
1051 4402 1089 4449 2:
1124 4381 1287 4469 (Μάλιστα
1315 4385 1348 4446 δὲ

199 4487 379 4568 συμβαίνειν
394 4486 557 4569 άναγκαῖον
572 4487 687 4553 ἐντοῖς
707 4487 947 4569 ἀριστοκρατίαις
969 4487 1113 4570 γενέσθαι
1133 4490 1186 4553 τὰς
1208 4485 1347 4572 στάσεις)
