3000 5046
164 369 238 435 ια]
579 362 910 423 Βιοοπιννιορι.
1256 376 1315 438 233

166 557 235 639 περὶ
257 560 310 635 τῆς
326 559 591 641 ἐγκεχειρισμένης
606 560 769 641 προδοσίας
790 559 959 645 Παυσανίᾳ,
975 559 1151 642 πέμψαντες
1166 559 1245 644 αὐτῷ
1259 559 1315 638 τὴν

166 659 333 738 σκυτάλην,
342 666 561 738 μετεκολοῦντο
577 663 668 727 αάτδν
682 662 721 729 ὧς
737 664 1018 744 ἀπολογησόμενον.
1053 665 1070 726 6
1085 665 1116 727 δὲ
1130 660 1316 738 Παυσανίας,

166 763 265 826 ἐλθὼν
280 746 322 829 είς
339 763 393 843 τὴν
414 765 564 849 Σπάρτην,
581 766 804 849 ἀπελογήσατο·
828 765 878 831 καὶ
898 765 1056 846 ἀπατήσας
1076 769 1144 833 τοὺς
1168 770 1314 830 Λακεδαι-

165 869 294 947 μονίους,
320 869 482 938 ἀπολυθεὶς
512 874 565 950 τῆς
594 871 702 950 αἰτίας,
725 868 896 949 ἀπεξήλθεν
920 869 969 936 καὶ
994 870 1090 936 πάλιν
1116 870 1233 954 ἐνήργει
1259 870 1315 948 τήν

166 971 339 1054 προδοσίαν.

210 1109 244 1164 δ.
267 1097 322 1166 Id.
337 1099 409 1167 viii.
432 1100 482 1189 (F.
499 1101 544 1167 H.
563 1101 600 1167 G.
615 1124 646 1168 v.
661 1123 694 1189 p.
716 1103 785 1192 10):
812 1101 849 1167 ‘0
867 1105 899 1169 δέ
918 1105 1104 1177 Παυσανίας,
1120 1103 1264 1187 ὑπάρχων
1282 1106 1316 1169 ἐν

168 1203 327 1290 Βυζαντίῳ,
340 1205 515 1286 ἀναφανδὸν
527 1205 676 1287 ἐμήδισεν,
686 1207 734 1273 καὶ
744 1211 820 1271 κακά
831 1209 952 1275 διετίθει
963 1209 1032 1276 τοὺς
1042 1208 1210 1287 Ἕλληνας.
1245 1214 1315 1271 Διε-

167 1305 303 1389 πρόξατο
317 1309 352 1373 δέ
365 1334 394 1372 τι
410 1306 459 1373 καὶ
479 1315 625 1374 τοιοῦτον.
672 1309 709 1390 ήν
724 1311 885 1395 ἐπιχωρίου
902 1318 983 1378 τινος
999 1313 1132 1396 θυγάτηρ
1148 1310 1316 1394 Κορωνίδου

167 1411 271 1490 ὄνομα,
295 1410 345 1492 ἐφ’
368 1410 406 1490 ήν
433 1413 571 1496 ἐπεμψεν
597 1416 615 1478 6
641 1415 817 1482 Παυσανίας
843 1414 970 1495 ἐξαιτῶν
991 1422 1045 1480 τδν
1070 1414 1195 1498 ποτέρα.
1241 1416 1257 1477 6
1284 1417 1317 1478 δέ

170 1516 346 1597 Κορωνίδης,
361 1519 498 1584 δεδοικὼς
513 1518 568 1598 τὴν
586 1517 722 1597 ὠμότητα
742 1524 795 1583 τοῦ
816 1520 1001 1595 Παυσανίου,
1017 1520 1156 1601 ἐπεμψεν
1170 1515 1248 1604 am]
1261 1518 1317 1596 τήν

168 1622 269 1683 παῖδα.
314 1619 349 1699 ἧς
364 1620 413 1685 καὶ
428 1621 668 1705 παραγενομένης
691 1628 794 1690 νυκτὸς
815 1625 845 1688 ἐς
866 1628 901 1686 τὸ
926 1625 1032 1702 αίκημα
1058 1620 1241 1702 κοιμωμένου
1262 1626 1317 1685 τοῦ

169 1723 345 1788 Παυσανίου
361 1721 409 1788 καὶ
424 1726 633 1808 παρασπάσης,
648 1725 808 1808 τερίυπνος
827 1726 988 1807 γενόμενος
1004 1727 1021 1789 6
1038 1724 1212 1791 Παυσανίας
1227 1722 1317 1803 δόξας

167 1848 201 1888 τε
217 1824 279 1890 κατ’
299 1826 469 1907 ἐπιβουλήν
492 1853 558 1892 τινα
579 1828 819 1907 εἰσεληλυθέναι,
836 1829 1018 1912 ἐπαράμενος
1032 1834 1068 1892 τδ
1088 1827 1228 1910 ξιφίδιον,
1249 1831 1316 1892 ἐπε·

169 1929 278 2009 ρόνησε
295 1931 350 2010 τήν
370 1932 461 2015 κόρην
484 1929 533 1997 καί
555 1931 718 2010 ἀπέκτεινε,
735 1929 784 1995 καὶ
799 1935 849 1996 διὰ
866 1937 954 1996 τοῦτο
975 1933 1018 1999 είς
1035 1932 1144 2014 μανίαν
1164 1933 1315 2014 περιέστη.

169 2028 218 2095 καί
242 2035 402 2115 γενόμενος
422 2035 611 2118 φρενομανῆς
636 2035 789 2118 ἐκεκράγει
811 2035 849 2101 ὡς
872 2034 908 2115 δή
930 2035 1168 2118 μαστιγούμενος
1186 2037 1244 2098 ἀπδ
1264 2038 1317 2114 τῆς

169 2135 265 2219 κόρης.
310 2143 429 2203 πολλοῦ
451 2141 483 2203 δέ
506 2139 618 2223 χρόνου
644 2138 865 2222 διαγενομένου,
893 2138 1057 2219 ἐξιλάσατο
1086 2140 1153 2205 τοὺς
1176 2139 1319 2219 δαίμονας

169 2244 221 2320 τῆς
251 2243 364 2317 παιδός,
397 2243 446 2306 καὶ
476 2244 567 2310 οὕτως
597 2243 798 2321 ἀποκατέστη.
854 2240 901 2329 (2)
931 2247 982 2322 τῆς
1013 2245 1045 2308 δέ
1075 2244 1239 2326 προδοσίας
1265 2243 1317 2307 οάκ

170 2344 303 2424 ἐπαύετο,
320 2345 401 2410 ἀλλά
415 2346 535 2428 γράψας
551 2348 715 2413 ἐπιστολάς
727 2346 990 2433 Ξέρξῃ,Ἀργιλίιρ
1013 2345 1196 2430 ἀγαπωμένῳ
1213 2349 1318 2410 ἑαυτοῦ

169 2447 274 2512 δίδωσι
289 2450 397 2515 ταύτας
413 2450 668 2532 ἐγκελευσάμενος
681 2450 811 2530 κομίζειν
822 2457 894 2532 πρὸς
912 2449 1039 2531 Ξέρξην.
1075 2451 1091 2513 6
1106 2452 1138 2513 δέ
1152 2448 1317 2530 Ἀργίλιος,

86 2536 92 2547 ’
170 2553 309 2619 δεδοικὼς
338 2556 407 2637 περὶ
436 2556 536 2629 αὑτοῦ,
562 2554 665 2633 ἐπειδὴ
683 2552 780 2639 ’(γάρ)
811 2555 879 2618 οάδέ
903 2556 932 2617 οἱ
960 2553 1099 2636 πρότεροι
1128 2552 1318 2633 πεμφθέντες

170 2656 392 2737 ἀπενόστησαν,
415 2664 488 2739 πρὸς
511 2656 630 2739 Ξέρξην
654 2658 689 2722 οὔ
707 2659 900 2741 παρεγένετο,
923 2659 1020 2720 ἐλθὸν
1044 2659 1077 2720 δέ
1102 2659 1144 2722 είς
1167 2656 1317 2738 Σπάρτην,

170 2764 231 2827 τοῖς
248 2761 369 2845 ἐφόροις
389 2761 518 2844 ἐμήνυσε
534 2763 589 2841 τὴν
605 2763 778 2846 προδοσίαν,
793 2763 946 2846 ἀπέσχετο
961 2765 995 2826 δέ
1016 2761 1194 2843 κατάφωρον
1209 2758 1318 2839 δείξειν

169 2868 222 2928 τάν
238 2867 425 2931 Παυσανίαν.
455 2865 502 2954 (3)
526 2865 575 2932 καὶ
587 2865 767 2946 συνθέμενος
783 2863 850 2950 περὶ
865 2865 978 2930 τούτων
993 2863 1086 2944 ἦλθεν
1101 2865 1145 2929 είς
1156 2864 1319 2945 Ταίναρον,

135 3026 141 3037 .
170 2966 203 3032 ἐν
218 2994 251 3033 τε
271 2968 311 3053 τῷ
332 2975 383 3034 τοῦ
406 2976 601 3038 Ποσειδῶνος
621 2971 736 3051 τεμένει
760 2971 897 3036 ἱκέτευεν
921 2972 950 3034 οί
967 2972 998 3033 δὲ
1020 2969 1137 3050 έφοροι,
1153 2967 1318 3050 παραγενό-

169 3097 253 3150 μενοι
276 3074 320 3140 είς
342 3080 376 3138 τδ
394 3071 480 3163 [αάτδ
500 3076 622 3154 τέμενος
643 3073 707 3158 καὶ]
727 3078 839 3153 διπλῆν
854 3074 970 3154 σκηνὴν
985 3071 1264 3138 κατασκευάσαντες
1287 3072 1320 3135 ἐν

170 3174 244 3259 αι’ττῇ
271 3176 406 3260 ἔκρυψαν
435 3179 567 3246 ἑαυτούς.
612 3179 664 3243 οὐκ
690 3178 888 3258 ἐπιστάμενος
913 3179 945 3242 δέ
971 3179 987 3241 6
1018 3178 1195 3241 Παυσανίας
1219 3178 1320 3253 ταῦτα,

170 3278 302 3347 ἀκούσας
328 3284 361 3346 δέ
387 3288 440 3348 τδν
463 3279 620 3366 Ἀργίλιον
643 3284 822 3359 ἱκετεύοντα,
845 3280 1026 3364 παρεγένετο
1052 3285 1125 3362 πρὸς
1149 3279 1247 3353 αὐτόν,
1271 3275 1320 3340 καὶ

172 3382 367 3465 ἀπεμέμφετο
383 3386 433 3453 ἐπὶ
447 3392 482 3451 τδ
496 3387 537 3466 μή
560 3387 682 3466 κομίσαι
703 3385 755 3452 τάς
771 3384 935 3450 ἐπιστολὰς
951 3389 1025 3467 πρὸς
1042 3381 1169 3463 Ξέρξην,
1185 3381 1266 3445 ἀλλο
1286 3380 1320 3445 τέ

171 3510 237 3549 τινα
260 3488 402 3572 τεκμήρια
422 3488 533 3577 διεξῄει
550 3494 602 3569 τῆς
624 3490 795 3573 προδοσίας·
819 3490 848 3552 οἱ
869 3490 901 3551 δέ
925 3490 1040 3568 ἔφοροι,
1057 3487 1240 3551 ἀκούσαντες
1260 3491 1321 3549 τῶν

169 3590 329 3672 ῥηθέντων,
345 3596 527 3677 παραχρῆμα
541 3596 597 3674 μὲν
612 3594 646 3658 οά
665 3593 874 3668 συνελάβοντο
893 3592 983 3656 αὐτὸν
1002 3588 1052 3654 διά
1071 3595 1106 3654 τδ
1131 3588 1208 3652 εἶναι
1232 3587 1320 3670 ἀγιον

170 3699 205 3757 τδ
230 3693 361 3774 τέμενος,
389 3698 460 3762 ἀλλ’
484 3699 593 3762 είασαν
617 3698 772 3775 ἀπελθεῖν,
798 3697 926 3775 ὕστερον
952 3697 985 3758 δέ
1007 3693 1099 3757 αὐτὸν
1126 3691 1255 3754 ἐλθόντα
1276 3693 1320 3757 είς

171 3798 313 3878 Σπάρτην
339 3802 505 3881 ἐβούλοντο
530 3800 814 3883 συλλαμβάνεσθαι
859 3801 876 3862 6
895 3800 928 3862 δέ
949 3794 1123 3876 ὑπονοήσας
1144 3794 1322 3876 είσέδραμεν

172 3903 214 3967 είς
237 3908 272 3966 τδ
295 3908 348 3983 τῆς
371 3907 554 3970 Χαλκιοίκου
576 3905 707 3983 Ἀθηνᾶς
731 3903 849 3982 τέμενος
875 3900 924 3966 καὶ
949 3903 1090 3968 ίκέτευεν.
1134 3896 1182 3985 (4)
1206 3901 1321 3963 τῶνδὲ

171 4009 414 4088 Λακεδαιμονίων
433 4012 467 4075 ἐν
488 4011 590 4095 ἀπόριρ
615 4012 712 4076 ὄντων
733 4012 782 4072 διὰ
799 4009 853 4086 τὴν
879 4010 922 4073 είς
944 4012 997 4072 τὸν
1020 4009 1090 4068 θεδν
1113 4001 1320 4089 θρῃσκείαν,ἡ

170 4107 267 4192 μήτηρ
287 4115 342 4174 τοῦ
364 4114 541 4178 Παυσανίου
563 4115 751 4192 βαστάσασα
769 4112 898 4176 πλίνθον
922 4111 938 4174 ἐ
978 4133 1028 4174 κεν
1052 4106 1101 4171 ἐπὶ
1123 4109 1177 4184 τῆς
1200 4106 1322 4171 είσόδου

170 4218 223 4275 τοῦ
238 4214 387 4294 τεμένους,
404 4215 668 4300 προκαταρχομένη
683 4220 736 4295 τῆς
758 4219 833 4281 κατὰ
852 4219 904 4279 τοῦ
924 4219 1030 4279 παιδδς
1045 4211 1212 4277 κολάσεως·
1236 4212 1266 4274 οἱ
1290 4211 1322 4273 δέ

172 4319 410 4399 Λακεδαιμόνιοι,
427 4320 742 4399 κατακολουθήσαντες
766 4317 848 4408 αὐτῇ,
874 4316 1110 4404 ἀνῳκοδόμησαν
1132 4321 1167 4380 τδ
1191 4316 1323 4394 τέμενος.

171 4417 221 4484 καὶ
237 4425 317 4508 λιμῷ
336 4424 555 4508 διαφθαρέντος
574 4429 626 4490 τοῦ
646 4423 831 4504 Παυσανίου,
847 4422 1007 4488 ἀνελόντες
1019 4420 1077 4501 τήν
1091 4416 1212 4502 στέγην,
1227 4415 1323 4497 ἐξείλ-

173 4549 268 4593 κυσαν
282 4532 335 4592 τοῦ
350 4535 423 4596 ναοῦ
440 4530 486 4596 ἐτι
501 4528 669 4610 ἐμπνέοντα
682 4533 736 4592 τδν
749 4525 929 4593 Παυσανίαν
942 4526 993 4593 καὶ
1007 4521 1180 4608 ἐξίρριὺον·
1221 4518 1272 4576 ³¹3
1288 4519 1324 4584 δέ
