3000 5046
239 374 301 455 308
556 375 643 434 τττῑ
670 372 881 433 ινῑςτσκτι
905 372 1084 432 σηῑεκς.
1229 381 1294 447 [ω.
1301 382 1392 433 vm.

241 570 317 635 εἶναι
340 576 375 634 τδ
397 570 485 650 ἀρμα.
519 572 691 652 ἐπίγραμμα
711 572 768 647 μὶν
790 564 828 646 δή
849 569 935 631 ἐστιν
952 565 1032 650 αι’σῷ
1051 565 1174 631 Γίλανα
1193 562 1392 645 Δεινομίνους

240 674 396 740 ἀναθεῖναι
418 674 549 757 Γελῷον·
581 673 630 736 καὶ
653 673 670 736 δ
692 673 802 754 χρόνος
824 670 919 756 τούτῳ
941 668 984 756 τῷ
1004 668 1121 734 Γέλωνί
1142 670 1209 732 ἔστι
1230 670 1283 746 τῆς
1310 668 1393 747 νίκης

240 777 322 857 τρίτη
351 777 426 857 πρὸς
455 777 509 844 τὰς
536 774 745 858 ἑβδομήκοντα
774 773 971 854 ὀλυμπιάδας.
1016 775 1120 839 Γίλων
1149 778 1182 839 δὶ
1212 774 1229 837 δ
1252 772 1394 837 Σικελίας

241 878 427 961 τυραννήσας
447 879 639 962 Συρακούσας
660 880 755 963 ἔσχεν
776 876 952 960 Ὑβριλίδου
973 879 1029 958 μὲν
1049 875 1216 962 Ἀθήνῃσιν
1236 875 1393 957 άρχουτος,

241 982 368 1069 δευτίριρ
398 988 430 1050 δὲ
460 984 521 1049 ἔτει
550 986 604 1062 τῆς
633 982 770 1065 δευτέρας
800 979 850 1046 καὶ
876 983 1105 1063 ἑβδομηκοστῆς
1134 979 1329 1060 ὀλυμπιάδος,
1355 977 1394 1057 ήν

241 1088 423 1169 Τισικράτης
446 1089 528 1152 ἐνίκα
551 1085 760 1169 Κροτωνιάτης
783 1085 918 1151 στάδιον.
955 1089 1035 1164 δῆλα
1056 1083 1108 1149 αιἰν
1131 1083 1171 1150 ὣς
1188 1083 1393 1164 Συρακούσιον

242 1190 298 1270 ἤδη
314 1189 363 1255 καὶ
379 1192 413 1257 ού
427 1191 549 1276 Γελῷον
563 1190 758 1274 ἀναγορεύειν
772 1189 863 1254 αύτδν
878 1190 1017 1266 ἔμελλεν.

468 1369 575 1435 Deam
597 1367 636 1453 of
653 1366 894 1454 Ἠιταιηδοιιίοι
914 1366 958 1433 in
979 1365 1078 1453 466s5
1101 1382 1163 1431 μα.

286 1495 386 1563 Diod.
400 1497 447 1562 xi.
464 1498 516 1561 68.
562 1497 623 1563 See
639 1495 744 1563 below
759 1507 833 1561 144.

552 1675 616 1742 The
638 1676 786 1760 Capture
808 1672 847 1760 os
863 1672 1077 1740 Καιιιατδτια.
1160 1768 1167 1772 .

287 1817 318 1872 8.
343 1806 426 1872 Hdt.
442 1804 511 1871 viii.
529 1806 601 1890 156.

288 1937 320 1992 9.
344 1925 452 1992 Schol.
475 1926 571 1991 Pind.
595 1923 645 1990 Ol.
666 1947 698 1992 v.
723 1945 783 2010 19:
817 1923 883 1990 Τὰν
902 1922 1018 1990 νίσικον
1040 1925 1138 2008 ἕδραν.
1171 1924 1287 1990 νίοικον
1309 1923 1396 1989 εἶπεν

243 2034 330 2112 ἕδραν
362 2032 416 2110 τήν
446 2034 620 2113 Καμαρίναν
653 2030 670 2093 δ
701 2031 862 2109 Πίνδαρος·
914 2029 1111 2110 σσῲηνίζεται
1141 2029 1267 2108 Τίμαιος
1295 2029 1329 2091 ἒν
1359 2026 1397 2114 τῇ

243 2134 361 2223 δεκάτῃ.
406 2132 467 2199 εἰσὶ
482 2137 515 2199 δὲ
530 2134 612 2198 οὗτοι
632 2136 662 2198 οί
677 2136 885 2217 Καμαριναῖοι,
902 2132 931 2197 οἳ
948 2134 1007 2197 ὑπὸ
1029 2137 1082 2197 τοῦ
1096 2131 1231 2200 Γέλωνος
1250 2130 1396 2214 τυράννου

243 2237 443 2326 ἀνῃρέθησαν,
465 2238 530 2303 εἶτα
552 2235 611 2302 ύπδ
637 2235 775 2303 Γίλανος
799 2237 1032 2321 συνῳκίσθησαν
1058 2233 1108 2303 ἐπὶ
1132 2239 1212 2316 τῆς.
1237 2283 1245 2300 .
1268 2285 1277 2301 .
1301 2236 1395 2317 ὀλυμ-

243 2341 359 2409 πιάδος.
382 2340 401 2420 ἡ
418 2344 452 2407 δὲ
468 2341 585 2406 ἅλωσις
598 2340 720 2423 ίγίνετο
737 2342 812 2404 κατὰ
827 2340 882 2418 τὴν
895 2342 1024 2421 Δαρείου
1038 2345 1091 2404 τοῦ
1104 2341 1223 2422 Πίρσου
1237 2339 1396 2419 διάβασιν.

245 2441 323 2532 [Pro
339 2443 442 2509 altero
458 2444 595 2509 Γέλωνος
609 2442 631 2508 l.
648 2449 670 2507 Γ
673 2444 786 2509 ελιύων.
802 2439 963 2532 Boeckh]⁸
1009 2445 1027 2529 δ
1047 2441 1246 2527 Ἱπποκράτης
1266 2444 1325 2508 ύπδ
1342 2447 1397 2507 τοῦ

243 2556 304 2613 τῶν
327 2548 454 2612 Γελοίων
476 2547 619 2628 τυράννου
641 2547 780 2631 ἀνῃρέθη,
804 2547 869 2612 εἶτα
889 2548 948 2611 ὑπὸ
971 2547 1108 2613 Γίλωνος
1136 2541 1279 2634 [Γελύων
1302 2545 1397 2610 Wes-

244 2647 375 2737 seling]
394 2652 565 2735 συνῳκίσθη
585 2650 604 2731 ἡ
629 2651 784 2731 Καμαρίνα
807 2653 882 2715 κατὰ
903 2652 959 2730 τήν
979 2648 1037 2731 μηδ’
1050 2651 1230 2731 ὀλυμπιάδα,
1252 2653 1293 2719 ὥς
1314 2658 1396 2731 φησι

243 2756 378 2836 Τίμαιος·
411 2801 418 2817 .
442 2803 449 2820 .
473 2802 480 2816 .
503 2753 522 2832 ἡ
547 2756 579 2819 δὲ
609 2754 725 2820 ἀλωσις
748 2754 837 2832 αὐτῆς
864 2757 985 2837 ἐγένετο
1009 2754 1082 2819 κατὰ
1104 2754 1160 2834 τὴν
1184 2757 1313 2837 Δαρείου
1342 2758 1397 2818 τοῦ

244 2857 420 2923 ’Ὑστάσπου
441 2858 606 2940 στρατείαν.
651 2859 800 2925 Φίλιστος
824 2859 857 2922 δὲ
878 2859 912 2923 ἓν
933 2856 969 2943 τῇ
991 2860 1072 2946 τρίτῃ
1095 2859 1199 2940 φησίν,
1221 2860 1268 2924 ὅτι
1291 2856 1398 2922 Γίλων

245 2962 419 3044 Καμαρίναν
433 2961 647 3043 κατέστρεψεν,
662 2959 861 3045 Ἱπποκράτης
876 2965 909 3027 δὲ
924 2961 1101 3042 πολεμήσας
1117 2963 1330 3044 Συρακουσίοις
1347 2959 1397 3027 καὶ

245 3065 379 3132 πολλοὺς
396 3066 604 3149 αίχμαλάτους
620 3067 727 3146 λαβὼν
741 3067 816 3144 ύπὲρ
835 3071 889 3129 τοῦ
909 3066 1031 3133 τούτους
1046 3067 1210 3131 ἀποδοῦναι
1228 3067 1326 3147 ἔλαβε
1341 3065 1397 3145 τήν

246 3169 421 3250 Καμαρίναν
449 3167 498 3234 καὶ
523 3166 692 3255 συνῴκισεν
718 3167 819 3248 αιίτήν.
864 3171 978 3253 δγοῢν
1000 3170 1150 3254 Πίνδαρος
1176 3171 1239 3235 οἶδε
1268 3195 1395 3256 συνῳκι-

245 3273 358 3351 σμένην
376 3273 431 3352 τῆν
446 3273 628 3354 Καμαρίναν.
673 3270 746 3337 vet.

288 3375 418 3442 Νίοικον
435 3377 523 3459 ἕδραν
543 3378 628 3459 λέγει
650 3377 704 3456 τήν
728 3377 909 3459 Καμαρίναν,
925 3377 1029 3457 ἐπειδὴ
1052 3379 1084 3442 ἓν
1106 3377 1143 3464 τῇ
1164 3378 1395 3464 τεσσαρακοστῇ

245 3478 366 3568 πέμπτῃ
397 3480 560 3562 ὀλυμπιάδι
586 3481 736 3564 καταρχὰς
762 3486 921 3546 κτισθεῖσα
951 3482 984 3546 ἓν
1010 3478 1256 3570 τῇπεντηκοστή
1277 3484 1395 3568 ἑβδόμῃ

244 3586 302 3648 ύπδ
318 3585 529 3667 Συρακουσίων
543 3584 806 3668 ἐπικρατησάντων
825 3585 893 3652 τοὺς
915 3585 1008 3666 αὐτὴν
1030 3586 1157 3668 ἔχοντας
1180 3583 1396 3667 κατέστραπτο·

245 3688 309 3753 εἶτα
330 3689 364 3752 ἐν
385 3689 421 3774 τῇ
440 3688 627 3777 ὀγδοηκοστή
651 3688 773 3774 δεντίρα
795 3688 960 3770 ὀλυμπιάδι
980 3688 1093 3771 μεταξὺ
1115 3692 1168 3753 τοῦ
1190 3690 1309 3773 χρόνου,
1328 3689 1396 3754 καθ’

245 3789 280 3857 δν
297 3795 396 3872 Ψαῦμι
428 3791 576 3871 ἐνίκησεν,
590 3793 763 3873 ὀνεκτίσθη.
808 3792 886 3859 Reo.

356 4029 462 4100 Sicily
482 4030 570 4088 after
590 4030 649 4087 the
672 4030 793 4089 nefeat
815 4031 854 4089 of
872 4032 1044 4102 Karthage
1066 4033 1104 4089 in
1126 4036 1196 4091 480
1219 4043 1293 4093 Β.ο.

499 4157 563 4224 The
583 4157 864 4246 Karthaqiniam
885 4184 943 4229 ςιισ
955 4161 1019 4248 for
1035 4184 1142 4249 ρσασσ.

288 4305 339 4361 10.
362 4293 459 4362 Diod.
474 4295 521 4359 xi.
538 4314 588 4375 24·
603 4318 643 4377 4:
676 4300 718 4363 0!
741 4301 774 4364 δὲ
789 4303 990 4384 Καρχηδόνιοι
1012 4302 1201 4385 φοβούμενοι
1222 4303 1264 4385 μή
1287 4303 1396 4392 φθάσῃ

244 4398 355 4480 διαβάς
378 4402 420 4466 εἰς
435 4400 555 4482 Λιβύην
569 4401 679 4482 Γέλων,
695 4403 780 4472 εὐθὺς
802 4402 979 4487 ἐξέπεμψαν
998 4406 1072 4488 πρός
1092 4405 1182 4472 αύτδν
1203 4412 1396 4490 πρεσβευτὰς

244 4501 461 4587 αὐτοκράτορας
481 4506 551 4572 τοὺς
573 4507 794 4575 δυνατωτάτους
813 4510 911 4575 εἰπεῖν
931 4535 964 4576 τε
987 4506 1035 4574 καὶ
1059 4510 1299 4591 βουλεύσασθαι.
1323 4560 1330 4575 .
1355 4559 1363 4576 .
1387 4562 1396 4579 .
