3000 5046
218 338 276 420 138
426 339 658 399 EXTERNAL
684 339 882 400 HISTORY
904 340 961 399 OF
981 340 1165 414 ATHENS,
1230 351 1294 418 [uh.
1307 352 1365 403 111.

216 537 293 622 ταχὺ
308 536 334 601 δ’
349 535 597 602 ἀποστειλάντων
610 536 778 616 Ἀθηναίων
791 539 847 618 μέν
861 534 1006 617 ἐξήκοντα
1020 536 1159 620 τριήρεις,
1170 538 1257 602 Χίων
1270 535 1302 602 δέ
1319 535 1368 601 καῖ

218 640 432 719 Μυτιληναίων
460 638 628 722 τριάκοντα,
652 638 788 723 μεγάλην
813 640 893 723 έχων
922 640 1045 720 δύναμιν
1075 639 1285 719 συνεστήσατο
1314 639 1369 719 τῆν

217 744 396 838 πολιορκίαν
418 745 467 807 καὶ
491 747 567 807 κατὰ
593 744 651 823 γῆν
674 743 722 807 καί
746 746 822 807 κατδ
848 743 1009 822 θάλατταν,
1032 748 1170 829 συνεχεῖς
1192 743 1369 824 ποιούμενος

217 847 406 930 προσβολάς.
450 844 498 934 (3)
521 847 723 912 κατεσκεύασε
739 844 834 912 δὲκαὶ
848 847 986 930 μηχανὰς
1001 855 1119 929 πρῶτος
1133 854 1193 913 τῶν
1207 854 1265 928 πρδ
1279 847 1369 912 αύτοῦ

217 952 287 1019 τούς
309 976 343 1017 τε
367 951 604 1032 ὀνομαζομένους
626 951 725 1033 κριοὺς
749 948 797 1015 καὶ
819 951 966 1034 χελῶνας,
980 950 1168 1034 Ἀρτέμωνος
1183 956 1235 1016 τοῦ
1250 951 1368 1030 Κλαζο-

217 1057 321 1137 μενίου
344 1054 635 1122 κατασκευάσαντος.
679 1057 808 1137 ἐνεργῶς
837 1052 871 1118 δὲ
893 1053 1099 1137 πολιορκήσας
1121 1056 1177 1135 τήν
1199 1057 1291 1120 πόλιν
1320 1051 1369 1118 καὶ

218 1163 283 1226 ταῖς
297 1163 447 1243 μηχαναῖς
462 1160 647 1240 καταβαλὼν
660 1157 699 1222 τὰ
709 1159 796 1242 τείχη
812 1157 910 1237 κύριος
925 1156 1044 1241 ἐγένετο
1059 1162 1113 1238 τῆς
1128 1158 1239 1240 Σάμου.
1278 1156 1369 1222 κολά-

219 1288 276 1329 σας
298 1262 331 1327 δέ
353 1263 422 1329 τοὺς
444 1264 556 1329 αίτίους
575 1260 725 1343 ἐπράξατο
748 1260 818 1328 τοὺς
840 1263 972 1342 Σαμίους
994 1261 1047 1328 τὰς
1062 1264 1105 1329 είς
1119 1263 1176 1342 τῆν
1191 1263 1369 1344 πολιορκίαν

217 1365 417 1449 γεγενημένας
442 1365 585 1442 δαπάνας,
601 1364 802 1446 τιμησάμενος
826 1364 916 1432 αύτάς
936 1364 1091 1430 ταλάντων
1106 1366 1277 1430 διακοσίων.
1321 1361 1371 1450 (4)

219 1471 380 1549 παρείλετο
403 1471 435 1535 δὲ
458 1471 583 1537 καὶτὰς
606 1474 676 1536 ναῦς
699 1470 796 1535 αύτῶν
813 1466 863 1533 καὶ
885 1471 922 1532 τὰ
945 1469 1029 1553 τείχη
1054 1467 1236 1551 κατέσκαψε,
1251 1466 1300 1533 καὶ
1315 1469 1370 1546 τῆν

219 1575 420 1655 δημοκρατίαν
442 1571 636 1653 καταστήσας
656 1576 826 1651 ἐπανῆλθεν
841 1575 885 1638 είς
899 1573 953 1651 τῆν
967 1574 1105 1654 πατρίδα.
1149 1573 1321 1652 Ἀθηναίοις
1336 1575 1370 1636 δέ

220 1680 269 1743 καὶ
304 1679 548 1759 Λακεδαιμονίοις
578 1677 668 1762 μέχρι
698 1679 810 1742 τούτων
838 1683 898 1742 τῶν
926 1677 1043 1759 χρόνων
1072 1679 1104 1741 σί
1134 1681 1369 1758 τριακονταετεῖς

220 1779 349 1846 σπονδαὶ
371 1783 522 1862 διέμειναν
546 1781 719 1847 ἀσάλευτοι.
764 1782 929 1846 καὶταῦτα
950 1784 1006 1862 μὲν
1022 1780 1157 1865 ἐπράχθη
1174 1779 1249 1845 κατά
1264 1784 1370 1844 τοῦτον

219 1892 273 1951 τὸν
288 1887 432 1951 ἐνιαυτόν.

263 2016 339 2070 289.
362 2005 449 2070 Plut.
474 2005 550 2071 Per.
575 2025 635 2085 24:
666 2004 720 2070 Ἐκ
743 2007 848 2070 τούτου
864 2053 870 2068 .
888 2057 895 2073 .
914 2005 1104 2088 ,ψηφίζεται
1126 2005 1179 2070 τὸν
1198 2007 1241 2072 είς
1268 2003 1370 2085 Σάμον

220 2116 326 2188 πλοῦν,
339 2111 438 2175 αἰτίαν
453 2109 655 2190 ποιησάμενος
670 2109 733 2175 κατ’
745 2110 852 2189 αὐτῶν,
864 2111 909 2173 ὅτι
924 2109 977 2174 τδν
991 2110 1065 2191 πρὸς
1078 2111 1250 2189 Μιλησίους
1265 2118 1369 2174 κελευ·

219 2215 321 2296 όμενοι
340 2215 544 2279 διαλύσασθαι
559 2216 694 2294 πόλεμον
710 2216 766 2299 οὐχ
781 2214 941 2293 ὑπήκουον.
995 2209 1072 2301 [See
1087 2211 1194 2278 below
1209 2221 1271 2276 VI.
1287 2211 1370 2296 141.]

220 2316 289 2406 (25)
310 2324 363 2382 τὸν
386 2321 419 2382 δὲ
438 2317 512 2400 πρὸς
533 2320 662 2398 Σαμίους
682 2319 818 2399 πόλεμον
832 2319 985 2382 αἰτιῶνται
997 2319 1134 2395 μάλιστα
1149 2317 1202 2380 τδν
1216 2316 1370 2399 Περικλέα

219 2422 420 2504 ψηφίσασθαι
446 2426 494 2485 διὰ
520 2423 693 2502 Μιλησίους
716 2420 890 2488 Ἀσπασίας
914 2426 1082 2501 δεηθείσης.
1127 2422 1158 2484 αί
1183 2423 1242 2503 γὰρ
1264 2424 1369 2487 πόλεις

220 2525 388 2605 ἐπολέμουν
416 2531 468 2591 τδν
498 2527 567 2608 περὶ
594 2524 728 2609 Πριήνης
753 2526 899 2604 πόλεμον,
923 2522 971 2588 καὶ
996 2529 1170 2608 κρατοῦντες
1195 2526 1225 2588 οἱ
1249 2523 1370 2604 Σάμιοι,

220 2628 395 2693 παύσασθαι
419 2635 479 2694 τῶν
500 2626 669 2709 Ἀθηναίων
693 2629 877 2694 κελευόντων
899 2626 948 2693 καί
971 2630 1055 2696 δίκας
1073 2633 1186 2708 λαβεῖν
1203 2629 1253 2693 καὶ
1267 2631 1370 2694 δοῦναι

220 2729 289 2815 παρ’
303 2733 415 2812 αὐτοῖς,
429 2733 482 2797 ούκ
503 2734 669 2798 ἐπείθοντο.
713 2733 850 2799 πλεύσας
868 2732 921 2796 ούν
936 2734 952 2795 ὁ
968 2736 1121 2814 Περικλῆς
1137 2731 1191 2812 τῆν
1204 2731 1260 2811 μέν
1275 2731 1370 2796 οὖσαν

220 2837 401 2921 ὀλιγαρχίαν
427 2839 461 2903 ἐν
486 2836 577 2922 Σάμῳ
604 2837 779 2913 κατέλυσεν,
805 2842 865 2902 τῶν
889 2837 922 2900 δέ
952 2837 1078 2918 πρῶτων
1105 2837 1214 2917 λοβῶν
1244 2837 1370 2918 ὁμήρους

220 2939 405 3020 πεντήκοντα
429 2938 477 3004 καὶ
501 2945 610 3008 παῖδας
636 2944 722 3008 ἴσους
743 2942 787 3007 είς
807 2943 929 3018 Λῆμνον
944 2939 1117 3005 ἀπέστειλε.
1163 2941 1259 3004 καίτοι
1274 2938 1371 3022 φασίν

220 3043 349 3108 ἕκαστον
367 3047 424 3124 μὲν
447 3043 526 3130 αύτηῖ
547 3050 606 3108 τῶν
622 3043 740 3125 δμήρων
755 3044 870 3108 διδόναι
885 3043 1035 3108 τάλαντον
1048 3045 1123 3124 ὑπὲρ
1139 3046 1253 3121 ἑαυτοῦ,
1268 3041 1371 3107 πολλὰ

221 3147 247 3210 δ’
262 3148 344 3210 ἀλλα
359 3148 426 3214 τοὺς
441 3148 482 3228 μῆ
495 3147 640 3215 θέλοντος
656 3149 689 3212 ἐν
704 3150 740 3235 τῇ
756 3150 846 3213 πόλει
863 3147 1007 3231 γενέσθαι
1022 3148 1230 3229 δημοκρατίαν.
1275 3147 1320 3211 έτι
1338 3150 1370 3210 δὲ

221 3252 417 3328 Πισσούθνης
441 3251 457 3313 ό
483 3250 606 3333 Πέρσης
631 3251 710 3334 έχων
729 3254 798 3316 τινὰ
817 3257 892 3334 πρὸς
913 3253 1042 3331 Σαμίους
1056 3250 1175 3315 εύνοιαν
1189 3248 1371 3314 ἀπέστειλεν

221 3353 299 3439 αύτῷ
326 3356 447 3436 μυρίους
472 3359 603 3439 χρυσοῦς
628 3354 861 3436 παραιτούμενος
896 3355 951 3435 τῆν
977 3356 1076 3419 πόλιν.
1121 3353 1157 3417 ού
1186 3352 1245 3434 μῆν
1275 3354 1371 3434 ἐλαβε

220 3458 333 3523 τούτων
360 3460 445 3523 ούδέν
471 3461 488 3522 ό
514 3463 677 3542 Περικλῆς,
701 3458 783 3523 ἀλλά
807 3457 997 3542 χρησάμενος
1023 3459 1125 3539 ῶσπερ
1155 3456 1279 3541 ἐγνιύκει
1309 3462 1372 3523 τοῖς

222 3564 345 3642 Σαμίοις
369 3560 417 3626 καί
441 3562 632 3642 καταστήσας
657 3564 857 3645 δημοκρατίαν
879 3564 1072 3626 ἀπέπλευσεν
1095 3562 1138 3628 είς
1156 3563 1210 3627 τὰς
1231 3559 1370 3638 Ἀθήνας.

99 3706 104 3713 -
222 3667 251 3730 οῖ
267 3665 293 3730 δ’
313 3667 398 3733 εύθὺς
414 3667 602 3746 ἀπέστησαν,
614 3665 818 3748 ἐκκλέψαντος
834 3667 933 3732 αὐτοῖς
948 3665 1017 3731 τοὺς
1033 3663 1160 3748 ὁμήρους
1176 3664 1372 3728 Πισσούθνου

222 3771 271 3834 καὶ
289 3771 389 3834 τᾶλλα
404 3769 689 3853 παρασκευάσαντος
704 3770 777 3853 πρὸς
793 3770 846 3834 τὸν
865 3771 1010 3849 πόλεμον.
1053 3769 1137 3835 αὖθις
1162 3768 1216 3833 οὖν
1238 3769 1254 3831 ά
1277 3774 1371 3849 Περι·

222 3876 296 3952 κλῆς
323 3872 508 3953 ἐξέπλευσεν
532 3871 579 3938 ἐπ’
602 3874 709 3940 αύτοδς
732 3874 788 3958 ούχ
815 3873 1023 3958 ἡσυχάζοντας
1046 3873 1114 3937 ούδέ
1138 3872 1371 3955 κατεπτηχότας,

222 3977 369 4040 ἀλλὰκαὶ
390 3975 468 4041 πάνυ
491 3978 648 4059 προθύμως
664 3979 831 4060 ἐγνωκότας
847 3977 1126 4058 ἀντιλαμβάνεσθαι
1142 3978 1196 4054 τῆς
1211 3974 1370 4055 θαλάττης.

221 4078 386 4163 γενομένης
408 4083 440 4144 δέ
463 4085 604 4162 καρτερᾶς
630 4084 796 4164 ναυμαχίας
818 4082 886 4162 περὶ
909 4083 1012 4159 νῆσον,
1027 4077 1064 4159 ῆν
1078 4081 1211 4162 Τραγίας
1233 4084 1371 4154 καλοῦσι,

222 4188 366 4264 λαμπρῶς
383 4184 400 4246 ό
416 4186 568 4265 Περικλῆς
584 4185 680 4262 ἐνίκα,
692 4183 839 4267 τέσσαρσι
855 4185 904 4247 καὶ
920 4182 1146 4265 τεσσαράκοντα
1162 4182 1267 4247 ναυσὶν
1283 4185 1371 4264 ἐβδο-

221 4285 354 4367 μήκοντα
376 4286 657 4372 καταναυμαχήσας,
673 4292 715 4354 ῶν
737 4289 833 4354 είκασι
857 4289 1066 4369 στροτιότιδες
1089 4287 1175 4369 ῆσαν.
1219 4285 1289 4376 (26)
1311 4286 1370 4367 ἅμα

223 4390 257 4455 δέ
279 4393 320 4476 ηῆ
345 4390 411 4477 νίκη
439 4392 487 4456 καὶ
511 4392 547 4478 τῆ
573 4389 674 4471 διῶξει
706 4398 758 4457 τοῦ
780 4390 904 4472 λιμένος
930 4389 1080 4474 κρατήσας
1107 4392 1279 4473 ἐπολιόρκει
1304 4390 1372 4457 τοὺς

224 4494 355 4575 Σαμίους
370 4496 452 4576 ἁμῶς
467 4495 503 4579 γέ
519 4522 582 4564 πως
598 4497 642 4562 ἔτι
656 4503 832 4576 τολμῶντας
847 4495 998 4578 ἐπεξιέναι
1019 4498 1068 4562 καὶ
1090 4495 1292 4581 διαμάχεσθαι
1314 4495 1372 4578 πρδ
