3000 5046
211 365 273 427 266
625 364 957 425 BIOGRAPHICAL.
1236 374 1298 440 [σα
1311 376 1367 426 Π.

213 564 340 647 ἔχοντας
357 562 488 646 κέρματα
503 563 619 631 τούτοις
635 589 667 630 τε
683 566 798 630 διδόναι
813 561 1026 645 προσέταττεν,
1037 563 1129 628 ὁπότε
1140 587 1185 629 τις
1196 561 1367 645 προσέλθοι

212 669 302 734 αὐτοῦ
318 669 468 747 δεόμενος.
500 670 552 733 καί
564 675 644 749 φασι
658 667 715 746 μὲν
730 668 820 732 αὐτόν
836 664 884 731 καὶ
900 668 943 733 είς
957 666 1059 747 ταφὴν
1070 665 1233 748 εἰσφέρειν.
1265 671 1367 731 ποιεῖν

213 773 247 837 δέ
269 773 320 836 καὶ
342 778 431 837 τοῦτο
453 771 613 852 πολλάκις,
636 773 728 837 ὁπότε
746 777 806 836 τόν
828 776 966 836 πολιτῶν
989 768 1056 835 τινὰ
1075 772 1134 834 ίδοι
1153 775 1249 836 κακῶς
1266 768 1365 851 ἠμφι-

212 874 351 954 εσμένον,
373 876 510 941 κελεύειν
531 876 610 961 αύτῷ
632 874 909 958 μεταμφιέννυσθαι
933 880 994 938 τῶν
1019 875 1186 940 νεανίσκων
1210 876 1278 938 τινδ
1303 878 1366 939 τῶν

214 979 516 1043 συνακολουθούντων
527 979 615 1064 αὐτῷ.
644 982 677 1045 ἐκ
693 980 729 1058 δὴ
744 978 857 1044 τούτων
872 977 1011 1044 ἁπάντων
1022 979 1174 1057 ηὐδοκίμει
1185 974 1234 1042 καὶ
1246 982 1366 1060 πρῦτος

214 1080 251 1160 ἦν
265 1089 326 1146 τῶν
342 1081 505 1147 πολιτῶν.”

257 1229 310 1285 76.
335 1215 469 1307 [Arist]
486 1218 583 1305 Resp.
601 1218 679 1285 Atk.
697 1222 746 1299 26,
765 1234 814 1302 νγ,
832 1221 882 1286 28.

258 1367 309 1424 77.
335 1354 445 1421 Schol.
461 1356 600 1422 Aristid.
625 1359 675 1424 ύπ.
695 1386 721 1423 τ.
742 1385 769 1423 τ.
794 1361 853 1421 118
877 1356 906 1423 J.
931 1355 993 1444 (iii.
1007 1378 1040 1442 p.
1056 1357 1122 1437 446
1136 1353 1209 1442 D.):
1244 1355 1308 1419 Δύο
1331 1356 1366 1421 δὲ

214 1459 293 1540 ἦσαν
316 1459 466 1541 Ἀθήνησι
492 1466 652 1526 πολιτεῖαι·
687 1463 716 1525 ot
740 1466 797 1543 μὲν
822 1461 880 1546 γάρ
906 1461 986 1540 ἦσαν
1012 1458 1100 1526 καλοί
1124 1458 1172 1525 καὶ
1195 1459 1312 1542 άγαθοί,
1336 1460 1367 1524 οί

215 1565 394 1643 καλούμενοι
415 1565 618 1650 ὀλιγαρχικοί,
641 1568 670 1629 οἱ
695 1569 728 1631 δὲ
751 1565 913 1648 δημοτικοί·
937 1563 986 1629 καὶ
1001 1566 1113 1631 τούτων
1127 1568 1183 1646 μὲν
1198 1562 1366 1645 προίστατο

214 1669 327 1748 Κίμων,
337 1672 441 1733 πολλδ
453 1671 600 1751 διανέμων
612 1667 661 1735 καὶ
672 1676 839 1755 συγχωρῶν
854 1671 1065 1753 ὀπωρίσασθαι
1079 1674 1141 1735 τοῖς
1156 1667 1367 1749 βουλομένοις,

216 1771 266 1837 καὶ
292 1773 393 1851 ἱμάτια
417 1773 564 1852 διανέμων
590 1779 653 1840 τοῖς
675 1774 796 1852 πένησι·
828 1779 889 1840 τῶν
913 1779 946 1839 δὲ
970 1775 1174 1856 ὀλιγαρχικῶν
1198 1771 1366 1855 προίστατο

215 1878 375 1958 Περικλῆς·
410 1875 622 1960 κατηγορηθεὶς
647 1879 681 1942 δέ
710 1880 727 1942 ό
758 1879 860 1959 Κίμων
889 1879 948 1943 ύπδ
972 1878 1156 1959 Περικλέους
1178 1874 1228 1942 έπί
1249 1873 1368 1962 Λανικῇ

214 1983 251 2066 τῇ
275 1981 396 2068 ἀδελφῇ
422 1979 470 2044 καί
492 1978 543 2046 έπδ
571 1982 671 2068 Σκύρῳ
696 1985 732 2070 τῇ
760 1982 853 2068 νήσῳ,
880 1983 919 2049 ὡς
945 1982 994 2047 ὑπ’
1025 1982 1115 2045 αὐτοῦ
1144 1978 1366 2062 προδιδομένου,

214 2083 377 2165 ἐξεβλήθη.
421 2085 523 2152 δεδιὼς
545 2087 579 2150 δέ
601 2085 618 2148 6
643 2090 793 2167 Περικλῆς
817 2087 859 2167 μὴ
886 2083 997 2174 ζητηθῇ
1020 2087 1078 2149 ὑπὸ
1103 2091 1164 2151 τῶν
1189 2089 1367 2164 δημοτικῶν,

214 2194 288 2270 πρδς
303 2189 409 2255 αὐτοὺς
425 2189 588 2272 έχεύρησεν.

429 2375 588 2442 Κόοιοηί
610 2377 712 2443 recall
733 2379 807 2445 and
828 2378 916 2445 later
937 2376 1146 2463 οουιραόριω.

261 2513 322 2579 See
336 2513 443 2580 above
459 2524 528 2579 111.
543 2525 606 2580 102
621 2526 667 2596 ff„
684 2528 747 2583 150
762 2527 797 2582 ff.

691 2779 879 2849 Ephialtes.

261 2904 323 2972 See
338 2907 444 2973 above
458 2917 500 2972 V.
517 2919 637 2987 ‘lo-74,
655 2920 776 2975 85-88.

259 3033 346 3101 Plut.
362 3035 448 3101 eim.
467 3056 514 3103 10.
560 3036 622 3104 See
636 3037 742 3103 above
757 3049 810 3105 72.

259 3173 312 3229 7⁸.
335 3163 405 3229 Ael.
434 3164 470 3230 V.
499 3166 545 3231 Η.
573 3165 607 3230 ii.
630 3187 692 3251 43:
727 3170 916 3234 Πενέστατοι
943 3167 1080 3252 ἐγένοντο
1107 3169 1136 3235 οί
1161 3169 1279 3252 όριστοι
1305 3172 1367 3232 τῶν

214 3264 384 3349 Ἐλλήνων,
407 3269 594 3351 Ἀριστείδης
621 3272 638 3335 6
662 3272 841 3355 Λυσιμάχου
866 3271 915 3338 καὶ
1016 3273 1185 3354 Ἐφιάλτης
1210 3272 1242 3337 δὲ
1267 3273 1283 3335 6
1307 3275 1366 3334 Σο-

215 3371 356 3451 φωνίδον.
982 3371 985 3377 ’

259 3511 312 3567 79.
335 3500 426 3568 Ibid.
440 3502 488 3570 iii.
508 3519 566 3587 17:
588 3507 642 3575 Τίς
658 3511 690 3571 δὲ
706 3506 868 3588 άντιφήσει
887 3504 936 3572 καὶ
952 3505 1105 3589 Περικλέα
1119 3512 1171 3571 τὸν
1187 3505 1367 3571 Ξανθίππου

215 3606 394 3688 φιλόσοφον
408 3609 553 3691 γενέσθαι
570 3660 577 3676 .
594 3658 603 3676 .
620 3661 627 3676 .
646 3608 694 3675 καὶ
709 3608 897 3693 Ἀριστείδην
911 3618 964 3677 τὸν
976 3611 1154 3694 Λυσιμάχου
1170 3609 1219 3674 καὶ
1233 3608 1366 3690 Ἐφιάλ-

215 3735 270 3789 την
284 3716 337 3776 τδν
353 3714 554 3793 Σοφωνίδου,·

260 3849 316 3904 80.
339 3837 430 3904 Ibid.
451 3839 495 3906 x'L
520 3861 559 3925 9:
584 3840 656 3906 'On
679 3840 847 3924 Ἐφιάλτης
870 3846 886 3907 6
914 3845 1089 3925 Σοφωνίδου
1111 3842 1294 3911 πενέστατος
1318 3841 1365 3922 ἦ·

216 3941 284 4006 δέκα
308 3945 342 4006 δὲ
364 3944 497 4009 τάλαντα
519 3945 662 4010 διδόντων
685 3945 763 4028 αὐτῷ
785 3955 844 4012 τῶν
871 3949 1004 4032 ἑταίρων,
1030 3949 1046 4011 6
1068 3949 1101 4012 δὲ
1126 3949 1160 4013 ού
1183 3947 1367 4030 προσήκατο,

216 4046 319 4126 εἶπόν,
335 4053 351 4080 “
360 4046 454 4111 ταῦτά
468 4073 507 4127 με
523 4049 688 4131 ἀναγκάσει
707 4052 883 4132 αίδούμενον
899 4054 974 4127 ὑμᾶς
990 4052 1250 4134 καταχαρίσασθαί
1263 4077 1290 4115 τι
1306 4058 1366 4117 τῶν

216 4149 345 4228 δικαίων,
358 4150 592 4229 μὴαίδούμενον
607 4155 639 4217 δὲ
654 4158 728 4233 μηδὲ
743 4155 940 4238 χαριζόμενον
955 4157 1033 4236 ύμῖν,
1046 4155 1211 4239 ἀχάριστον
1227 4152 1343 4234 δόξαι.”

262 4296 310 4351 81.
335 4285 424 4352 Ιόίιί.
448 4287 518 4353 xiii.
547 4310 607 4375 39:
650 4292 819 4373 Ἐφιάλτης
850 4299 1017 4377 στρατηγοῦ
1052 4294 1257 4360 ὀνειδίσαντος
1286 4294 1365 4379 αὐτῷ

216 4415 298 4458 τινος
324 4394 429 4458 πενίαν
457 4398 518 4460 “τὸ
542 4398 575 4460 δὲ
603 4396 731 4480 έτερον,”
758 4398 827 4479 έφη,
849 4400 927 4462 ι’διδ
948 4400 979 4463 τί
999 4398 1034 4463 ού
1055 4398 1167 4482 λέγεις,
1185 4399 1231 4465 ότι
1253 4399 1368 4466 δίκαιός

214 4493 327 4573 “me'’
