3000 5046
201 365 263 445 ορ
562 364 895 425 Βιοοκσνισιιι.
1226 371 1290 436 [σε
1301 373 1355 422 vx.

202 566 235 629 ἐκ
258 565 364 630 θυσίας
385 569 465 629 τινὸς
477 560 610 642 Ὄλβιος
632 565 648 626 6
670 568 730 628 τῶν
750 563 863 628 τέκνων
885 567 938 626 τοῦ
956 560 1141 640 Νικογένους
1163 564 1355 642 παιδαγωγὸς

203 667 322 751 ἔκφρων
337 668 497 749 γενόμενος
513 663 562 730 καί
578 667 765 750 θεοφόρητος
781 666 961 746 ἀνεφώνησε
974 664 1073 750 μέτρῳ
1089 665 1175 728 ταυτί

326 773 419 834 Νυκτὶ
443 768 557 851 φωνήν,
580 770 663 834 νυκτὶ
684 768 811 848 βουλήν,
835 765 916 833 νυκτὶ
938 769 993 847 τῆν
1016 772 1099 845 νίκην
1120 768 1211 832 δίδου.

204 871 252 938 καῖ
272 874 348 952 μετὰ
368 879 461 937 ταῦτα
477 871 628 952 κοιμηθεὶς
644 874 661 937 6
676 875 891 949 Θεμιστοκλῆς
906 873 979 953 όναρ
994 870 1098 951 ἐδοξεν
1116 874 1190 936 ίδεῖν
1209 871 1356 952 δράκοντα

204 977 279 1042 κατὰ
305 980 359 1055 τῆς
384 983 516 1059 γαστρὸς
545 977 635 1042 αῦτοῦ
665 976 931 1059 περιελιττόμενον
961 972 1010 1039 καῖ
1039 976 1287 1059 προσανέρποντα
1312 975 1354 1059 τῷ

202 1081 354 1166 τραχήλῳ·
386 1082 548 1164 γενόμενον
563 1078 588 1144 δ’
604 1081 703 1158 ἀετόν,
718 1079 757 1145 ὣς
771 1080 875 1161 ἥψατο
890 1084 942 1142 τοῦ
958 1081 1131 1156 προσιότου,
1148 1079 1357 1162 περιβαλόντα

203 1184 256 1252 τάς
279 1186 426 1267 πτέρυγας
450 1183 554 1266 ἐξᾶραι
577 1182 626 1248 καὶ
650 1183 780 1264 κομίζειν
800 1182 921 1262 πολλὴν
942 1182 1023 1260 όδόν,
1048 1183 1113 1247 εἶτα
1136 1186 1250 1264 χρυσοῦ
1273 1182 1356 1248 τινὸς

204 1284 358 1366 κηρυκείου
384 1283 542 1364 φανέντος,
571 1283 621 1346 ἐπὶ
646 1283 753 1346 τούτου
779 1286 892 1360 στῆσαι
917 1282 1057 1361 βεβαίως
1083 1281 1174 1346 αὐτὸν
1201 1280 1358 1364 ἀμηχάνου

204 1389 342 1467 δείματος
358 1386 406 1451 καὶ
421 1390 555 1470 ταραχῆς
575 1387 801 1468 ἀπαλλαγέντα.
846 1385 994 1467 πέμπεται
1013 1385 1039 1450 δ’
1055 1386 1107 1450 οῦν
1121 1386 1178 1450 ὑπὸ
1193 1391 1246 1449 τοῦ
1264 1390 1355 1448 Νικο-

204 1491 310 1576 γένους
329 1491 583 1573 μηχανησαμένου
598 1515 627 1554 τι
643 1495 788 1554 τοιοῦτον.
833 1494 885 1551 τοῦ
903 1496 1093 1571 βαρβαρικοῦ
1108 1489 1212 1573 γένους
1228 1495 1263 1553 τὸ
1278 1488 1358 1553 πολῦ

205 1597 254 1660 καὶ
283 1595 418 1675 μάλιστα
443 1601 478 1659 τὸ
503 1600 657 1678 Περσικὸν
683 1595 726 1660 είς
754 1593 936 1672 ζηλοτυπίαν
962 1593 1017 1672 τήν
1042 1595 1110 1675 περὶ
1136 1593 1191 1661 τάς
1216 1598 1358 1676 γυναῖκας

204 1699 310 1783 άγριον
325 1699 417 1779 φύσει
434 1701 482 1762 καὶ
498 1699 637 1781 χαλεπόν
652 1698 747 1761 ἐστιν.
793 1696 828 1760 οὐ
849 1695 905 1780 γὰρ
924 1698 1018 1774 μόνον
1039 1698 1093 1764 τὰς
1114 1697 1252 1780 γαμετάς,
1275 1695 1357 1760 ἀλλὰ

206 1805 255 1867 καὶ
270 1802 323 1869 τὰς
339 1800 563 1885 ἀργυρωνήτους
576 1799 624 1864 καὶ
637 1800 902 1879 παλλακευομένας
914 1802 1045 1884 ἰσχυρῶς
1060 1801 1357 1883 παραφυλάττουσιν,

205 1907 245 1974 ῶς
259 1908 318 1970 ῦπδ
333 1910 459 1985 μηδενὸς
474 1906 604 1985 άρᾶσθαι
620 1911 680 1969 τῶν
695 1905 788 1980 ἐκτός,
800 1901 872 1967 ἀλλ’
883 1906 959 1968 οῖκοι
974 1908 1029 1982 μὲν
1045 1910 1217 1969 διαιτᾶσθαι
1233 1930 1357 1968 κατακε-

207 2011 396 2087 κλεισμένας,
407 2011 440 2073 ἐν
452 2012 484 2073 δέ
496 2014 561 2075 ταῖς
574 2008 757 2090 ὁδοιπορίαις
769 2010 827 2072 ῦπδ
840 2011 951 2086 σκηνὰς
965 2009 1063 2094 κύκλῳ
1075 2007 1358 2092 περιπεφραγμένας

122 2198 125 2203 .
205 2112 255 2177 ἐπὶ
285 2121 346 2178 τῶν
375 2111 557 2194 ἁρμαμαξῶν
586 2113 735 2196 ὀχεῖσθαι.
790 2112 928 2192 τοιαύτης
958 2115 999 2198 τῳ
1031 2117 1240 2193 Θεμιστοκλεῖ
1267 2137 1357 2179 κατα-

206 2219 428 2296 σκευασθείσης
455 2216 570 2296 ἀπήνης
596 2215 721 2282 καταδὺς
745 2216 905 2296 ἐκομίζετο,
928 2223 989 2281 τῶν
1015 2218 1083 2296 περὶ
1106 2217 1197 2282 αὐτὸν
1223 2214 1271 2281 ἀεὶ
1296 2221 1359 2283 τοῖς

208 2321 424 2406 ἐντυγχάνουσι
447 2317 495 2384 καὶ
517 2319 751 2398 πυνθανομένοις
773 2320 937 2401 λεγόντων,
960 2322 1007 2384 ὅτι
1029 2322 1153 2403 γύναιον
1174 2320 1359 2398 Ἑλληνικὸν

206 2424 334 2508 ἄγουσιν
350 2421 401 2488 ἀπ’
416 2423 530 2489 Ἰωνίας
545 2425 618 2504 πρός
634 2447 702 2487 τινα
716 2429 776 2486 τῶν
792 2420 841 2486 ἐπὶ
857 2424 957 2504 θύραις
972 2423 1139 2501 βασιλέως.

252 2546 304 2608 27.
328 2530 511 2603 Θουκυδίδης
541 2526 597 2606 μὲν
627 2526 680 2591 οῦν
710 2525 758 2590 καὶ
784 2527 894 2607 Χάρων
924 2528 940 2590 6
967 2532 1171 2609 Λαμψακηνὸς
1203 2530 1360 2610 ἱστοροῦσι

207 2632 385 2709 τεθνηκότος
409 2629 527 2711 Ξέρξου
552 2636 626 2712 πρδς
653 2635 705 2694 τὸν
726 2630 793 2695 υἱὸν
816 2632 905 2695 αῦτοῦ
927 2633 967 2716 τῷ
988 2636 1195 2710 Θεμιστοκλεῖ
1215 2632 1360 2716 γενέσθαι

207 2734 262 2814 τῆν
274 2732 416 2812 ἔντευξιν·
446 2732 581 2816 Ἔφορος
593 2738 626 2799 δέ
639 2736 687 2797 καὶ
701 2737 817 2799 Δείνων
830 2731 878 2797 καὶ
891 2736 1079 2819 Κλείταρχος
1092 2739 1141 2800 καὶ
1151 2733 1360 2816 Ἡρακλείδης,

209 2839 254 2902 ἔτι
276 2834 302 2901 δ’
318 2836 409 2899 άλλοι
428 2837 577 2911 πλείονες,
601 2842 674 2918 πρὸς
698 2837 787 2900 αῦτδν
810 2839 975 2917 ἀφικέσθαι
998 2846 1050 2903 τδν
1072 2838 1198 2921 Ξέρξην.
1243 2845 1305 2906 τοῖς
1326 2841 1359 2903 δέ

207 2944 360 3024 χρονικοῖς
375 2945 460 3004 δοκεῖ
471 2944 592 3020 μᾶλλον
604 2942 619 3001 6
630 2941 815 3017 Θουκυδίδης
832 2942 1051 3022 συμφέρεσθαι,
1068 2946 1175 3025 καίπερ
1190 2943 1250 3008 οὐδ’
1261 2943 1361 3009 αὐτοῖς

209 3042 322 3123 ἀτρέμα
338 3043 593 3122 συνταττομένοις.
639 3046 655 3107 6
676 3044 701 3108 δ’
718 3044 771 3107 οὖν
790 3048 1004 3125 Θεμιστοκλῆς
1026 3047 1186 3129 γενόμενος
1206 3046 1274 3127 παρ’
1290 3048 1360 3111 αὐτὸ

208 3147 243 3208 τὸ
258 3146 357 3210 δεινὸν
372 3146 550 3230 ἐντυγχάνει
568 3152 686 3228 πρῶτον
701 3147 880 3233 Ἀρταβάνῳ
898 3152 938 3233 τῷ
954 3148 1104 3235 χιλιάρχῳ
1119 3150 1228 3233 λέγων,
1239 3150 1361 3230 Ἕλλην

208 3253 265 3330 μέν
283 3250 369 3329 εἶναι,
385 3251 554 3329 βούλεσθαι
576 3249 602 3314 δ’
618 3253 753 3335 ἐντυχεῖν
773 3258 905 3333 βασιλεῖ
921 3256 990 3335 περὶ
1008 3256 1161 3336 μεγίστων
1179 3253 1361 3337 πραγμάτων

211 3355 259 3418 καὶ
285 3359 358 3435 πρὸς
388 3354 408 3417 6
438 3353 581 3437 τυγχάνει
611 3353 748 3435 μάλιστα
775 3355 951 3433 σπουδάζων
979 3358 1101 3424 ἐκεῖνος.
1155 3360 1172 3420 6
1198 3358 1231 3422 δέ
1255 3366 1361 3440 φησιν·

210 3455 282 3520 “Ὠ
298 3455 376 3537 ξένε,
392 3459 477 3539 νόμοι
492 3458 689 3540 διαφέρουσιν
704 3459 877 3541 ἀνθρώπων·
901 3460 983 3523 ἄλλα
995 3460 1020 3522 δ’
1032 3461 1140 3527 ἄλλοις
1156 3461 1244 3525 καλά·
1268 3461 1362 3526 καλὸν

210 3565 244 3627 δέ
267 3565 345 3625 πᾶσι
367 3560 404 3625 τὰ
427 3563 523 3625 οἰκεῖα
547 3567 673 3642 κοσμεῖν
701 3559 749 3625 καὶ
771 3562 889 3640 σόζειν.
934 3565 1009 3644 ὑμᾶς
1032 3568 1089 3643 μὲν
1114 3564 1166 3629 οῦν
1189 3567 1363 3645 ἐλευθερίαν

210 3663 346 3744 μάλιστα
367 3663 527 3745 θαυμάζειν
545 3663 593 3728 καὶ
616 3665 740 3742 ἰσότητα
762 3666 864 3748 λόγος·
899 3664 970 3747 ἡμῖν
988 3670 1021 3730 δέ
1043 3674 1168 3732 πολλῶν
1191 3670 1289 3750 νόμων
1313 3670 1363 3733 καὶ

212 3774 313 3832 καλῶν
337 3768 432 3831 όντων
456 3767 621 3834 κάλλιστος
644 3769 730 3835 οῦτός
748 3770 824 3848 ἐστι,
840 3774 929 3851 τιμῶν
950 3771 1099 3850 βασιλέα,
1118 3770 1166 3836 καὶ
1183 3778 1363 3854 προσκυνεῖν

212 3870 252 3937 ῶς
274 3873 374 3934 εἰκόνα
398 3876 468 3935 θεοῦ
494 3877 547 3935 τοῦ
572 3875 609 3935 τὰ
634 3871 734 3935 πάντα
760 3874 918 3950 σῶζοντος.
964 3877 992 3938 εί
1012 3877 1069 3953 μέν
1095 3875 1148 3939 οῦν
1174 3879 1306 3941 ἐπαινῶν
1327 3880 1364 3939 τὰ

211 3971 340 4054 ἡμέτερα
352 3973 581 4053 προσκυνήσεις,
591 3975 658 4038 ἔστι
670 4000 720 4039 σοι
731 3977 778 4038 καὶ
789 3976 958 4041 θεάσασθαι
969 3980 1106 4058 βασιλέα
1117 3976 1165 4043 καὶ
1176 3985 1362 4054 προσειπεῖν

213 4078 241 4141 εί
256 4074 282 4140 δ’
296 4076 375 4139 άλλο
390 4102 419 4140 τι
435 4083 567 4160 φρονεῖς,
582 4080 725 4160 ἀγγέλοις
746 4078 856 4163 ἑτέροις
874 4081 975 4167 χρήσῃ
994 4081 1068 4163 πρὸς
1090 4084 1187 4148 αὐτόν.
1236 4090 1367 4162 βασιλεῖ

213 4177 270 4263 γὰρ
296 4180 330 4244 οὗ
356 4178 483 4261 πάτριον
508 4183 614 4263 ἀνδρὸς
641 4184 807 4265 ἀκροᾶσθαι
829 4185 870 4266 μῆ
894 4184 1187 4268 προσκυνήσαντος.”
1232 4191 1325 4250 ταῦτα
1347 4188 1364 4251 6

214 4285 428 4362 Θεμιστοκλῆς
440 4286 570 4353 ἀκούσας
584 4287 671 4370 λέγει
685 4293 758 4368 πρὸς
773 4288 871 4352 αὐτόν·
896 4297 913 4324 “
924 4289 1010 4351 Ἀλλ’
1024 4291 1119 4373 ἔγωγε
1132 4291 1187 4370 τήν
1196 4291 1364 4372 βασιλέως,

213 4383 238 4451 ῶ
261 4384 442 4468 Ἀρτάβανε,
464 4388 568 4471 φήμην
591 4393 640 4455 καὶ
663 4392 787 4471 δύναμιν
809 4390 951 4473 αὐξήσων
976 4395 1116 4475 ἀφῖγμαι,
1143 4392 1191 4458 καὶ
1218 4395 1307 4461 ούτάς
1330 4419 1364 4459 τε

214 4488 358 4572 πείσομαι
384 4497 446 4560 τοῖς
471 4493 622 4577 ὑμετέροις
649 4496 759 4576 νόμοις,
782 4494 848 4563 ἐπεὶ
871 4498 929 4582 θεῷ
952 4500 993 4582 τῷ
1016 4499 1217 4581 μεγαλύνοντι
1242 4499 1364 4583 Πέρσας
