3000 5046
176 366 282 432 18-19.]
410 358 496 417 THE
520 358 752 419 ATHENIAN
777 358 1096 418 CONFEDERACY.
1306 375 1325 436 5

176 554 229 617 τὸν
245 555 368 634 κόσμον·
392 553 547 635 Ἀθηναῖοι
567 559 665 638 γυμνὰ
680 559 718 619 τά
733 556 868 637 στόματα.
906 555 1007 638 γέλων
1022 554 1206 635 ὀφλισκάνει
1222 558 1326 637 Κίμων

177 656 216 723 ὁς
232 658 286 734 τὴν
299 659 391 739 μείζω
405 664 511 740 μοῖραν
526 658 686 742 προέμενος
705 664 768 725 τοῖς
789 657 969 741 συμμάχοις.
1008 659 1060 723 οὐκ
1082 660 1112 725 ἐς
1131 661 1248 741 μακρὰν
1266 665 1325 725 τῶν

177 761 377 845 αἰχμαλώτων
389 765 418 827 αί
430 767 588 845 συγγενεῖς
603 763 663 826 ἀπὸ
675 765 787 828 Λυδίας
800 765 848 826 καὶ
860 765 993 845 Φρυγίας
1006 761 1193 842 καταβάντες
1206 761 1326 845 μεγάλα

175 865 270 946 λύτρα
291 867 365 947 ὑπὲρ
388 873 448 931 τῶν
471 868 590 930 οἰκείων
612 865 792 945 κατέβαλον.
829 866 897 930 τότε
919 865 937 944 ἡ
962 866 1058 944 σοφία
1077 866 1214 946 Κίμωνος
1237 868 1324 930 ἐθαυ-

174 969 294 1048 μάζετο·
316 967 472 1050 Ἀθηναῖοι
492 973 524 1034 δὲ
542 972 651 1056 πολλῷ
670 970 765 1034 πλείω
785 966 924 1054 χρήματα
938 969 1089 1050 λαβόντες
1107 968 1192 1050 μάλα
1213 968 1249 1049 δὴ
1264 975 1325 1035 τῶν

175 1072 343 1156 συμμάχων
357 1075 626 1158 κατεκερτόμησαν.

218 1305 266 1362 17.
290 1295 451 1362 Simonid.
467 1296 585 1382 Εμίην.
606 1317 668 1375 104
683 1295 782 1386 (ng.
797 1296 836 1362 P.
849 1296 886 1360 L.
901 1295 938 1361 G.
954 1296 1006 1362 ed.
1022 1294 1067 1383 4).

347 1401 447 1484 Ἀμφί
468 1428 500 1467 τε
523 1401 704 1480 Βυζάντειαν
725 1403 793 1466 ὁσοι
819 1401 910 1466 θάνον
933 1403 1119 1487 ίχθνόεσσαν

346 1507 486 1589 ρνόμενοι
507 1506 611 1590 χώραν
633 1504 738 1588 ἀνδρες
762 1506 905 1587 ἀρηϊθόοι.

780 1605 846 1695 (ap.
862 1607 1017 1674 Aristeid
1033 1608 1068 1672 ii.
1084 1627 1114 1692 p.
1130 1623 1191 1692 511
1210 1605 1324 1695 Dind.)

175 1710 225 1776 Cf.
241 1711 301 1777 Ar.
324 1713 414 1797 ῑῙαςρ.
433 1730 471 1797 23
474 1725 494 1794 5
510 1709 632 1799 (below
647 1710 732 1800 154).

317 1925 396 1993 loss
410 1924 449 2011 of
459 1927 510 1992 the
525 1928 718 2012 Ηοηιοιουγ
734 1926 774 2013 by
789 1927 840 1993 the
853 1926 1176 1994 Lakedaimon-iane.

218 2093 267 2147 18.
292 2081 394 2148 Thuc.
411 2082 431 2146 i.
449 2102 468 2167 9
471 2096 502 2165 5.
548 2081 600 2146 cf.
616 2082 664 2146 iii.
683 2103 733 2146 10.
753 2101 782 2148 2.

217 2215 267 2271 10.
291 2203 388 2270 Diod.
403 2203 449 2268 x'L
464 2223 518 2283 44.
534 2220 572 2288 5:
599 2203 773 2289 [Ἀθήνησιν
793 2204 939 2287 άρχοντος
959 2201 1173 2288 Ἀδειμάντου.)
1219 2203 1324 2282 Ζηλό-

175 2335 284 2375 σαντος
306 2309 396 2372 αὐτοῦ
416 2310 471 2388 τὴν
491 2309 647 2391 Περσικὴν
667 2308 784 2391 τρυφὴν
806 2306 854 2372 καὶ
875 2300 1055 2389 τυραννικῶς
1076 2307 1325 2390 προσφερομένου

173 2417 236 2480 τοῖς
256 2415 515 2495 ὑποτεταγμένοις,
529 2418 673 2495 χαλεπῶς
695 2413 806 2495 ἔφερον
821 2412 961 2489 ὁπαντες,
975 2410 1109 2493 μάλιστα
1124 2411 1158 2474 δέ
1175 2412 1205 2475 οἱ
1220 2435 1325 2493 τεταγ-

171 2516 257 2597 μένοι
272 2524 330 2581 τῶν
344 2516 506 2596 Ἑλλήνων
521 2517 575 2580 ἐπί
592 2541 673 2583 τινος
687 2515 855 2599 ἡγεμονίας.
902 2513 950 2602 (ὁ)
973 2516 1078 2597 διόπερ
1096 2520 1156 2578 τῶν
1176 2516 1250 2577 κατὰ
1269 2514 1324 2594 τὴν

172 2619 316 2703 στρατιὰν
336 2620 385 2685 καὶ
405 2619 480 2684 κατὰ
503 2621 574 2699 έθνη
596 2621 644 2684 καὶ
668 2620 742 2684 κατὰ
762 2621 867 2686 πόλεις
886 2617 1037 2698 ἀλλήλοις
1058 2618 1255 2699 ὁμιλούντων,
1276 2616 1325 2683 καὶ

172 2729 224 2788 τοῦ
248 2725 423 2790 Παυσανίου
445 2729 499 2804 τῆς
521 2724 688 2807 βαρύτητος
712 2723 973 2801 καταλαλοὸντων,
998 2720 1246 2802 Πελοποννήσιοι
1269 2723 1325 2801 μέν

173 2831 388 2895 καταλιπόντες
414 2828 504 2892 αὐτὸν
531 2830 575 2894 είς
600 2829 842 2905 Πελοπόννησον
868 2825 1075 2905 ἀπέπλευσαν,
1103 2822 1151 2889 καὶ
1176 2822 1324 2907 πρέσβεις

172 2932 408 2999 ἀποστείλαντες
423 2932 606 3014 κατηγόρουν
621 2937 672 2995 τοῦ
685 2930 872 3008 Παυσανίου,
882 2929 1072 3012 Ἀριστείδης
1087 2931 1120 2992 δὲ
1136 2929 1324 3008 ὁἈθηναῖος

171 3034 214 3121 τῷ
234 3037 324 3120 καιρῷ
344 3037 498 3120 χριόμενος
518 3036 676 3118 ἐμφρόνως
696 3036 810 3101 ἐντοῖς
828 3036 1031 3117 κοινολογίαις
1053 3031 1250 3113 ἀνελάμβανε
1270 3032 1324 3100 τάς

172 3140 277 3207 πόλεις
299 3141 347 3204 καὶ
366 3139 416 3204 διὰ
433 3143 486 3220 τῆς
504 3139 624 3217 ὁμιλίας
644 3140 872 3221 προσαγόμενος
896 3140 974 3203 ίδίας
997 3138 1123 3216 ἐποίησε
1145 3141 1209 3203 τοῖς
1231 3135 1324 3217 Ἀθη-

172 3245 275 3310 ναίοις.
290 3293 297 3308 .
310 3293 317 3307 .
332 3292 339 3307 .
352 3245 404 3322 46.
424 3241 472 3329 (2)
487 3246 532 3310 τίς
546 3242 605 3326 γὰρ
621 3242 674 3306 οὐκ
690 3241 727 3306 ἂν
743 3241 894 3322 θαυμάσαι
910 3242 1015 3307 τούτου
1031 3242 1087 3321 τὴν
1101 3239 1216 3321 άνοιαν,
1226 3239 1260 3307 ὁς
1273 3289 1280 3302 .
1293 3288 1322 3306 ..

172 3347 334 3431 ἀγαπήσας
358 3355 419 3414 τῶν
440 3353 571 3428 Περσῶν
593 3353 646 3411 τὸν
669 3353 802 3412 πλοῦτον
825 3349 874 3413 καὶ
897 3348 951 3425 τὴν
973 3345 1099 3428 τρυφήν,
1122 3345 1246 3410 άπασαν
1268 3344 1325 3425 τὴν

172 3451 428 3536 προῦπάρχονσαν
454 3449 592 3530 εὐδοξίαν
619 3449 813 3538 κατῄσχυνεν.
857 3447 907 3537 (3)
931 3451 1070 3533 ἐπαρθεὶς
1100 3449 1158 3532 γὰρ
1185 3453 1250 3515 ταῖς
1276 3450 1324 3513 εὖ·

171 3557 287 3640 τνχίοις
309 3556 364 3636 τὴν
384 3559 441 3637 μὲν
459 3556 635 3635 Λακωνικὴν
656 3556 778 3639 ἀγωγὴν
801 3556 960 3638 ἐστόγησε,
978 3555 1033 3634 τὴν
1055 3557 1088 3618 δὲ
1111 3559 1172 3617 τῶν
1194 3556 1324 3632 Περσῶν

172 3659 342 3725 ἀκολασίαν
361 3661 409 3723 καὶ
430 3660 546 3742 τρυφὴν
567 3658 742 3740 ἐμιμήσατο,
758 3658 794 3723 ὁν
812 3659 922 3738 ἥκιστα
943 3660 1036 3742 ἐχρῆν
1052 3658 1186 3737 ζηλῶσαι
1207 3655 1245 3719 τά
1264 3662 1324 3721 τῶν

170 3762 338 3845 βαρβάρων
364 3764 590 3843 ἐπιτηδεύματα·
626 3763 661 3826 οὐ
686 3766 744 3846 γάρ
772 3762 881 3844 ἑτέρων
906 3759 1110 3841 πεπυσμένος,
1136 3756 1207 3823 ἀλλ’
1234 3758 1323 3827 αότδς

171 3866 249 3952 ἔργῳ
271 3870 378 3947 πεῖραν
401 3868 536 3948 εἰληφὼς
560 3867 708 3950 ἐγίνωσκε
731 3868 818 3952 πόσῳ
843 3868 896 3944 τῆς
922 3872 982 3930 τῶν
1006 3869 1137 3946 Περσῶν
1163 3865 1277 3945 τρυφῆς
1302 3863 1322 3943 ἡ

171 3968 295 4052 πάτριος
314 3973 411 4034 δίαιτα
431 3975 505 4051 πρὸς
524 3970 632 4052 ἀρετὴν
648 3969 793 4052 διέφερεν.
838 3967 887 4055 (4)
910 3970 992 4032 ἀλλά
1012 3971 1070 4050 γὰρ
1091 3968 1177 4033 οὗτος
1197 3969 1253 4047 μὲν
1273 3969 1324 4030 διὰ

171 4074 226 4154 τὴν
242 4075 322 4138 ίδίαν
337 4073 443 4140 κακίαν
460 4075 496 4138 οὐ
515 4075 609 4155 μόνον
629 4077 683 4152 τῆς
704 4071 791 4152 ἀξίας
811 4074 899 4156 ἔτυχε
919 4073 1070 4153 τιμωρίας,
1086 4071 1169 4135 ἀλλὰ
1190 4073 1238 4136 καὶ
1259 4076 1323 4139 τοῖς

170 4179 311 4244 πολίταις
336 4180 431 4244 αίτιος
461 4177 587 4258 κατέστη
613 4183 667 4242 τοῦ
692 4177 748 4257 τὴν
775 4180 850 4241 κατά
875 4177 1029 4241 θάλατταν
1054 4176 1219 4258 ἠγεμονίαν
1245 4176 1322 4241 ἀπο·

169 4288 290 4362 βαλεῖν
323 4283 356 4345 ἐκ
386 4282 581 4364 παραθέσεως
612 4280 669 4365 γάρ
694 4281 713 4361 ἡ
741 4281 930 4362 Ἀριστείδου
956 4280 1121 4362 στρατηγία
1149 4277 1229 4361 παρὰ
1259 4283 1323 4345 τοῖς
1417 4367 1419 4371 ,

170 4383 340 4470 συμμάχοις
360 4385 545 4468 θεωρονμένη
566 4387 615 4450 καὶ
635 4384 685 4449 διὰ
705 4385 760 4465 την
777 4386 821 4451 είς
842 4384 909 4451 τοὺς
926 4382 1184 4465 ὑποτεταγμένους
1201 4382 1323 4462 ὁμιλίαν

172 4489 220 4553 καί
239 4492 293 4559 τάς
314 4491 412 4557 άλλας
433 4489 549 4575 ἀρετάς,
565 4489 690 4569 ἐποίησε
711 4487 824 4555 πάντας
843 4489 946 4572 ὥσπερ
967 4487 1027 4552 ἀπὸ
1046 4491 1117 4570 μιᾶς
1137 4487 1228 4570 ὁρμῆς
1246 4485 1321 4550 ἀπο-
