<?xml version="1.0" encoding="UTF-8"?>
<!DOCTYPE html PUBLIC "-//W3C//DTD XHTML 1.0 Transitional//EN"
    "http://www.w3.org/TR/xhtml1/DTD/xhtml1-transitional.dtd">
<html xmlns="http://www.w3.org/1999/xhtml" xml:lang="en" lang="en">
 <head>
  <title>
</title>
<meta http-equiv="Content-Type" content="text/html;charset=utf-8" />
  <meta name='ocr-system' content='tesseract 3.04.00' />
  <meta name='ocr-capabilities' content='ocr_page ocr_carea ocr_par ocr_line ocrx_word'/>
</head>
<body>
  <div class='ocr_page' id='page_1' title='image "./sourcesforgreek00hillgoog/sourcesforgreek00hillgoog_0104.png"; bbox 0 0 3000 5046; ppageno 0'>
   <div class='ocr_carea' id='block_1_1' title="bbox 166 341 1320 417">
    <p class='ocr_par' dir='ltr' id='par_1_1' title="bbox 166 341 1320 417">
     <span class='ocr_line' id='line_1_1' title="bbox 166 341 1320 417; baseline -0.008 -9"><span class='ocrx_word' id='word_1_1' title='bbox 166 347 207 408; x_wconf 87' lang='lat'>88</span> <span class='ocrx_word' id='word_1_2' title='bbox 381 344 611 405; x_wconf 81' lang='lat' dir='ltr'><em>EXTERNAL</em></span> <span class='ocrx_word' id='word_1_3' title='bbox 637 342 835 403; x_wconf 82' lang='lat' dir='ltr'><em>HISTORY</em></span> <span class='ocrx_word' id='word_1_4' title='bbox 858 341 915 402; x_wconf 85' lang='lat' dir='ltr'>OF</span> <span class='ocrx_word' id='word_1_5' title='bbox 935 341 1121 412; x_wconf 82' lang='lat' dir='ltr'><em>ATHENS,</em></span> <span class='ocrx_word' id='word_1_6' title='bbox 1182 351 1246 417; x_wconf 77' lang='lat' dir='ltr'><strong>[ch.</strong></span> <span class='ocrx_word' id='word_1_7' title='bbox 1259 353 1320 400; x_wconf 88' lang='lat'>111.</span> 
     </span>
    </p>
   </div>
   <div class='ocr_carea' id='block_1_2' title="bbox 421 629 1056 716">
    <p class='ocr_par' dir='ltr' id='par_1_2' title="bbox 421 629 1056 716">
     <span class='ocr_line' id='line_1_2' title="bbox 421 629 1056 716; baseline -0.005 -17"><span class='ocrx_word' id='word_1_8' title='bbox 421 632 565 699; x_wconf 75' lang='grc' dir='ltr'>θἰικθιοτ</span> <span class='ocrx_word' id='word_1_9' title='bbox 586 630 835 716; x_wconf 74' lang='grc' dir='ltr'>οοπιραίριιὶτιη</span> <span class='ocrx_word' id='word_1_10' title='bbox 856 629 900 695; x_wconf 80' lang='lat' dir='ltr'>in</span> <span class='ocrx_word' id='word_1_11' title='bbox 923 629 1056 696; x_wconf 76' lang='lat' dir='ltr'><strong><em>Thrace.</em></strong></span> 
     </span>
    </p>
   </div>
   <div class='ocr_carea' id='block_1_3' title="bbox 211 779 535 847">
    <p class='ocr_par' dir='ltr' id='par_1_3' title="bbox 211 779 535 847">
     <span class='ocr_line' id='line_1_3' title="bbox 211 779 535 847; baseline -0.009 -1"><span class='ocrx_word' id='word_1_12' title='bbox 211 792 265 847; x_wconf 87' lang='grc'>22.</span> <span class='ocrx_word' id='word_1_13' title='bbox 287 779 368 844; x_wconf 82' lang='lat' dir='ltr'><strong>Hdt.</strong></span> <span class='ocrx_word' id='word_1_14' title='bbox 385 779 444 844; x_wconf 88' lang='lat' dir='ltr'>vii.</span> <span class='ocrx_word' id='word_1_15' title='bbox 464 783 535 844; x_wconf 85' lang='lat'>106.</span> 
     </span>
    </p>
   </div>
   <div class='ocr_carea' id='block_1_4' title="bbox 167 895 1323 2353">
    <p class='ocr_par' dir='ltr' id='par_1_4' title="bbox 167 895 1323 1506">
     <span class='ocr_line' id='line_1_4' title="bbox 212 895 1321 978; baseline -0.005 -12"><span class='ocrx_word' id='word_1_16' title='bbox 212 912 265 967; x_wconf 80' lang='grc'><strong>28.</strong></span> <span class='ocrx_word' id='word_1_17' title='bbox 285 900 370 965; x_wconf 71' lang='grc' dir='ltr'>ΡΙυί.</span> <span class='ocrx_word' id='word_1_18' title='bbox 388 900 475 965; x_wconf 75' lang='lat' dir='ltr'><strong><em>Cim.</em></strong></span> <span class='ocrx_word' id='word_1_19' title='bbox 495 919 553 977; x_wconf 87' lang='lat'>14:</span> <span class='ocrx_word' id='word_1_20' title='bbox 576 895 664 963; x_wconf 86' lang='grc' dir='ltr'>Ἐπεὶ</span> <span class='ocrx_word' id='word_1_21' title='bbox 684 899 718 962; x_wconf 77' lang='grc' dir='ltr'>δὲ</span> <span class='ocrx_word' id='word_1_22' title='bbox 737 901 796 960; x_wconf 79' lang='grc' dir='ltr'>τῦν</span> <span class='ocrx_word' id='word_1_23' title='bbox 819 901 950 978; x_wconf 79' lang='grc' dir='ltr'>Περσῦν</span> <span class='ocrx_word' id='word_1_24' title='bbox 971 922 1053 965; x_wconf 91' lang='grc' dir='ltr'>τινες</span> <span class='ocrx_word' id='word_1_25' title='bbox 1075 896 1128 961; x_wconf 86' lang='grc' dir='ltr'>ούκ</span> <span class='ocrx_word' id='word_1_26' title='bbox 1150 898 1321 978; x_wconf 88' lang='grc' dir='ltr'>ἐβούλοντο</span> 
     </span>
     <span class='ocr_line' id='line_1_5' title="bbox 167 997 1322 1087; baseline -0.003 -19"><span class='ocrx_word' id='word_1_27' title='bbox 167 1007 222 1086; x_wconf 77' lang='grc' dir='ltr'>τήν</span> <span class='ocrx_word' id='word_1_28' title='bbox 237 1005 430 1087; x_wconf 85' lang='grc' dir='ltr'>Χερρόνησον</span> <span class='ocrx_word' id='word_1_29' title='bbox 446 1005 596 1080; x_wconf 76' lang='grc' dir='ltr'>ἐκλιπεῖν,</span> <span class='ocrx_word' id='word_1_30' title='bbox 609 1002 691 1066; x_wconf 84' lang='grc' dir='ltr'>ἀλλὰ</span> <span class='ocrx_word' id='word_1_31' title='bbox 705 997 754 1065; x_wconf 81' lang='grc' dir='ltr'>καλ</span> <span class='ocrx_word' id='word_1_32' title='bbox 769 1000 839 1067; x_wconf 81' lang='grc' dir='ltr'>τοὺς</span> <span class='ocrx_word' id='word_1_33' title='bbox 854 1000 978 1085; x_wconf 66' lang='grc' dir='ltr'>Θρᾷκας</span> <span class='ocrx_word' id='word_1_34' title='bbox 988 1001 1106 1066; x_wconf 86' lang='grc' dir='ltr'>ἀνωθεν</span> <span class='ocrx_word' id='word_1_35' title='bbox 1116 1002 1322 1066; x_wconf 68' lang='grc' dir='ltr'>ἐπεκαλοῦντο</span> 
     </span>
     <span class='ocr_line' id='line_1_6' title="bbox 169 1103 1321 1191; baseline -0.007 -16"><span class='ocrx_word' id='word_1_36' title='bbox 169 1113 425 1191; x_wconf 77' lang='grc' dir='ltr'>καταφρονοῦντες</span> <span class='ocrx_word' id='word_1_37' title='bbox 437 1112 490 1171; x_wconf 92' lang='grc' dir='ltr'>τοῦ</span> <span class='ocrx_word' id='word_1_38' title='bbox 500 1107 637 1185; x_wconf 75' lang='grc' dir='ltr'>Κίμωνος</span> <span class='ocrx_word' id='word_1_39' title='bbox 647 1105 713 1184; x_wconf 88' lang='grc' dir='ltr'>μετ’</span> <span class='ocrx_word' id='word_1_40' title='bbox 727 1105 841 1187; x_wconf 80' lang='grc' dir='ltr'>ὀλίγων</span> <span class='ocrx_word' id='word_1_41' title='bbox 856 1103 1032 1170; x_wconf 78' lang='grc' dir='ltr'>παντάπασι</span> <span class='ocrx_word' id='word_1_42' title='bbox 1047 1104 1176 1187; x_wconf 87' lang='grc' dir='ltr'>τριήρων</span> <span class='ocrx_word' id='word_1_43' title='bbox 1189 1104 1321 1184; x_wconf 79' lang='grc' dir='ltr'>Ἀθήνη-</span> 
     </span>
     <span class='ocr_line' id='line_1_7' title="bbox 169 1205 1320 1293; baseline -0.006 -13"><span class='ocrx_word' id='word_1_44' title='bbox 169 1219 222 1280; x_wconf 91' lang='grc' dir='ltr'>θεν</span> <span class='ocrx_word' id='word_1_45' title='bbox 236 1214 484 1289; x_wconf 88' lang='grc' dir='ltr'>ἐκπεπλευκότος,</span> <span class='ocrx_word' id='word_1_46' title='bbox 499 1209 634 1291; x_wconf 78' lang='grc' dir='ltr'>ὁρμήσας</span> <span class='ocrx_word' id='word_1_47' title='bbox 649 1208 695 1273; x_wconf 83' lang='grc' dir='ltr'>ἐπ’</span> <span class='ocrx_word' id='word_1_48' title='bbox 714 1209 822 1275; x_wconf 70' lang='grc' dir='ltr'>αὐτοὺς</span> <span class='ocrx_word' id='word_1_49' title='bbox 836 1206 988 1290; x_wconf 88' lang='grc' dir='ltr'>τέσσαρσι</span> <span class='ocrx_word' id='word_1_50' title='bbox 1002 1205 1059 1288; x_wconf 70' lang='grc' dir='ltr'>μὲν</span> <span class='ocrx_word' id='word_1_51' title='bbox 1079 1211 1169 1275; x_wconf 82' lang='grc' dir='ltr'>ναυσὶ</span> <span class='ocrx_word' id='word_1_52' title='bbox 1184 1211 1320 1293; x_wconf 84' lang='grc' dir='ltr'>τρισκαί-</span> 
     </span>
     <span class='ocr_line' id='line_1_8' title="bbox 168 1311 1323 1395; baseline -0.002 -12"><span class='ocrx_word' id='word_1_53' title='bbox 168 1324 240 1383; x_wconf 87' lang='grc' dir='ltr'>δεκα</span> <span class='ocrx_word' id='word_1_54' title='bbox 262 1319 315 1383; x_wconf 87' lang='grc' dir='ltr'>τάς</span> <span class='ocrx_word' id='word_1_55' title='bbox 337 1317 458 1381; x_wconf 79' lang='grc' dir='ltr'>ἐκείνων</span> <span class='ocrx_word' id='word_1_56' title='bbox 482 1316 606 1393; x_wconf 83' lang='grc' dir='ltr'>ἔλαβεν,</span> <span class='ocrx_word' id='word_1_57' title='bbox 628 1311 777 1392; x_wconf 77' lang='grc' dir='ltr'>ἐξελάσας</span> <span class='ocrx_word' id='word_1_58' title='bbox 801 1315 833 1377; x_wconf 77' lang='grc' dir='ltr'>δὲ</span> <span class='ocrx_word' id='word_1_59' title='bbox 856 1312 925 1379; x_wconf 83' lang='grc' dir='ltr'>τοῦς</span> <span class='ocrx_word' id='word_1_60' title='bbox 949 1313 1073 1395; x_wconf 86' lang='grc' dir='ltr'>Πέρσας</span> <span class='ocrx_word' id='word_1_61' title='bbox 1097 1314 1147 1378; x_wconf 83' lang='grc' dir='ltr'>καὶ</span> <span class='ocrx_word' id='word_1_62' title='bbox 1170 1311 1323 1394; x_wconf 73' lang='grc' dir='ltr'>κρατήσας</span> 
     </span>
     <span class='ocr_line' id='line_1_9' title="bbox 169 1415 1126 1506; baseline -0.003 -22"><span class='ocrx_word' id='word_1_63' title='bbox 169 1428 229 1485; x_wconf 84' lang='grc' dir='ltr'>τῦν</span> <span class='ocrx_word' id='word_1_64' title='bbox 245 1423 374 1506; x_wconf 72' lang='grc' dir='ltr'>Θρακῶν</span> <span class='ocrx_word' id='word_1_65' title='bbox 389 1424 492 1484; x_wconf 80' lang='grc' dir='ltr'>πᾶσαν</span> <span class='ocrx_word' id='word_1_66' title='bbox 507 1418 678 1504; x_wconf 71' lang='grc' dir='ltr'>ᾀκειόσατο</span> <span class='ocrx_word' id='word_1_67' title='bbox 693 1417 729 1503; x_wconf 81' lang='grc' dir='ltr'>τῇ</span> <span class='ocrx_word' id='word_1_68' title='bbox 746 1421 834 1480; x_wconf 82' lang='grc' dir='ltr'>πόλει</span> <span class='ocrx_word' id='word_1_69' title='bbox 850 1415 905 1496; x_wconf 78' lang='grc' dir='ltr'>τήν</span> <span class='ocrx_word' id='word_1_70' title='bbox 922 1418 1126 1497; x_wconf 85' lang='grc' dir='ltr'>Χερρόνησον.</span> 
     </span>
    </p>

    <p class='ocr_par' dir='ltr' id='par_1_5' title="bbox 214 1534 1307 1626">
     <span class='ocr_line' id='line_1_10' title="bbox 214 1534 1307 1626; baseline -0.004 -21"><span class='ocrx_word' id='word_1_71' title='bbox 214 1552 269 1606; x_wconf 83' lang='grc'><strong>24.</strong></span> <span class='ocrx_word' id='word_1_72' title='bbox 293 1539 326 1605; x_wconf 84' lang='lat' dir='ltr'>C.</span> <span class='ocrx_word' id='word_1_73' title='bbox 344 1538 375 1603; x_wconf 91' lang='grc' dir='ltr'>Ι.</span> <span class='ocrx_word' id='word_1_74' title='bbox 392 1539 433 1604; x_wconf 85' lang='grc' dir='ltr'>Α.</span> <span class='ocrx_word' id='word_1_75' title='bbox 449 1537 471 1603; x_wconf 88' lang='lat' dir='ltr'>i.</span> <span class='ocrx_word' id='word_1_76' title='bbox 487 1557 562 1624; x_wconf 83' lang='lat'><strong>432.</strong></span> <span class='ocrx_word' id='word_1_77' title='bbox 606 1535 752 1601; x_wconf 80' lang='lat' dir='ltr'>Koehlor</span> <span class='ocrx_word' id='word_1_78' title='bbox 766 1534 803 1600; x_wconf 91' lang='lat' dir='ltr'>in</span> <span class='ocrx_word' id='word_1_79' title='bbox 818 1534 957 1601; x_wconf 76' lang='lat' dir='ltr'>Hermos</span> <span class='ocrx_word' id='word_1_80' title='bbox 974 1555 1016 1616; x_wconf 83' lang='lat'>24</span> <span class='ocrx_word' id='word_1_81' title='bbox 1030 1534 1145 1626; x_wconf 87' lang='lat'>(1889)</span> <span class='ocrx_word' id='word_1_82' title='bbox 1160 1558 1193 1623; x_wconf 89' lang='lat' dir='ltr'>p.</span> <span class='ocrx_word' id='word_1_83' title='bbox 1212 1536 1253 1620; x_wconf 87' lang='lat'>85</span> <span class='ocrx_word' id='word_1_84' title='bbox 1265 1537 1307 1602; x_wconf 59' lang='grc' dir='ltr'>θα</span> 
     </span>
    </p>

    <p class='ocr_par' dir='ltr' id='par_1_6' title="bbox 387 1640 1138 2353">
     <span class='ocr_line' id='line_1_11' title="bbox 387 1640 1077 1727; baseline -0.001 -20"><span class='ocrx_word' id='word_1_85' title='bbox 387 1643 590 1707; x_wconf 71' lang='lat' dir='ltr'><strong>f1·.b.VS.1.</strong></span> <span class='ocrx_word' id='word_1_86' title='bbox 636 1666 817 1705; x_wconf 88' lang='grc' dir='ltr'>....ιο..</span> <span class='ocrx_word' id='word_1_87' title='bbox 905 1640 1077 1727; x_wconf 70' lang='grc' dir='ltr'>ἐνΘάσήοι]</span> 
     </span>
     <span class='ocr_line' id='line_1_12' title="bbox 387 1743 796 1830; baseline -0.007 -18"><span class='ocrx_word' id='word_1_88' title='bbox 387 1747 425 1812; x_wconf 80' lang='lat' dir='ltr'>fr.</span> <span class='ocrx_word' id='word_1_89' title='bbox 441 1769 471 1811; x_wconf 80' lang='grc' dir='ltr'>ο.</span> <span class='ocrx_word' id='word_1_90' title='bbox 487 1768 536 1810; x_wconf 71' lang='grc' dir='ltr'>τι.</span> <span class='ocrx_word' id='word_1_91' title='bbox 552 1765 604 1830; x_wconf 92' lang='grc'>34.</span> <span class='ocrx_word' id='word_1_92' title='bbox 626 1743 796 1830; x_wconf 68' lang='grc' dir='ltr'>[Μαδλύτιοι</span> 
     </span>
     <span class='ocr_line' id='line_1_13' title="bbox 629 1849 1035 1934; baseline 0.005 -21"><span class='ocrx_word' id='word_1_93' title='bbox 629 1850 674 1934; x_wconf 80' lang='grc' dir='ltr'>[ἐν</span> <span class='ocrx_word' id='word_1_94' title='bbox 690 1849 843 1934; x_wconf 81' lang='grc' dir='ltr'>Καρ]δίαι;</span> <span class='ocrx_word' id='word_1_95' title='bbox 867 1855 988 1914; x_wconf 86' lang='grc' dir='ltr'>Καλλια</span> <span class='ocrx_word' id='word_1_96' title='bbox 1003 1902 1010 1916; x_wconf 93' lang='grc'><strong>.</strong></span> <span class='ocrx_word' id='word_1_97' title='bbox 1027 1899 1035 1915; x_wconf 89' lang='grc'><strong>.</strong></span> 
     </span>
     <span class='ocr_line' id='line_1_14' title="bbox 390 1952 850 2038; baseline -0.007 -20"><span class='ocrx_word' id='word_1_98' title='bbox 390 1955 426 2019; x_wconf 82' lang='lat' dir='ltr'>fr.</span> <span class='ocrx_word' id='word_1_99' title='bbox 443 1975 471 2019; x_wconf 88' lang='grc' dir='ltr'>σ.</span> <span class='ocrx_word' id='word_1_100' title='bbox 488 1976 536 2018; x_wconf 85' lang='lat' dir='ltr'>vs.</span> <span class='ocrx_word' id='word_1_101' title='bbox 554 1973 605 2019; x_wconf 88' lang='lat'>20.</span> <span class='ocrx_word' id='word_1_102' title='bbox 634 1952 850 2038; x_wconf 62' lang='grc' dir='ltr'>[Αἰγόρσιιήι]1</span> 
     </span>
     <span class='ocr_line' id='line_1_15' title="bbox 633 2056 854 2142; baseline 0 -22"><span class='ocrx_word' id='word_1_103' title='bbox 633 2056 694 2142; x_wconf 81' lang='grc' dir='ltr'>[ἐπὶ</span> <span class='ocrx_word' id='word_1_104' title='bbox 710 2056 854 2140; x_wconf 53' lang='grc' dir='ltr'>Σιδήείοιέ</span> 
     </span>
     <span class='ocr_line' id='line_1_16' title="bbox 390 2159 857 2246; baseline -0.009 -18"><span class='ocrx_word' id='word_1_105' title='bbox 390 2164 429 2228; x_wconf 81' lang='lat' dir='ltr'>fr.</span> <span class='ocrx_word' id='word_1_106' title='bbox 444 2185 473 2228; x_wconf 78' lang='grc' dir='ltr'>ο.</span> <span class='ocrx_word' id='word_1_107' title='bbox 489 2184 538 2226; x_wconf 81' lang='lat' dir='ltr'>vs.</span> <span class='ocrx_word' id='word_1_108' title='bbox 556 2180 608 2246; x_wconf 83' lang='lat'>32.</span> <span class='ocrx_word' id='word_1_109' title='bbox 634 2159 704 2246; x_wconf 62' lang='lat' dir='ltr'>[qut</span> <span class='ocrx_word' id='word_1_110' title='bbox 721 2160 857 2226; x_wconf 55' lang='grc' dir='ltr'>Σιδείοιῖ</span> 
     </span>
     <span class='ocr_line' id='line_1_17' title="bbox 490 2261 1138 2353; baseline 0.003 -25"><span class='ocrx_word' id='word_1_111' title='bbox 490 2287 539 2330; x_wconf 75' lang='lat' dir='ltr'>vs.</span> <span class='ocrx_word' id='word_1_112' title='bbox 556 2281 607 2350; x_wconf 87' lang='lat'>37.</span> <span class='ocrx_word' id='word_1_113' title='bbox 629 2265 674 2351; x_wconf 83' lang='grc' dir='ltr'>[ἐν</span> <span class='ocrx_word' id='word_1_114' title='bbox 689 2266 808 2348; x_wconf 54' lang='grc' dir='ltr'>Παιόἀνι</span> <span class='ocrx_word' id='word_1_115' title='bbox 824 2285 861 2329; x_wconf 90' lang='lat' dir='ltr'>or</span> <span class='ocrx_word' id='word_1_116' title='bbox 874 2266 919 2350; x_wconf 88' lang='grc' dir='ltr'>[ἐν</span> <span class='ocrx_word' id='word_1_117' title='bbox 934 2261 1007 2353; x_wconf 84' lang='grc' dir='ltr'>(ἐπ’)</span> <span class='ocrx_word' id='word_1_118' title='bbox 1022 2264 1138 2349; x_wconf 65' lang='grc' dir='ltr'>Ἐϊόήνα</span> 
     </span>
    </p>
   </div>
   <div class='ocr_carea' id='block_1_5' title="bbox 419 2475 1060 2564">
    <p class='ocr_par' dir='ltr' id='par_1_7' title="bbox 419 2475 1060 2564">
     <span class='ocr_line' id='line_1_18' title="bbox 419 2475 1060 2564; baseline -0.005 -21"><span class='ocrx_word' id='word_1_119' title='bbox 419 2478 541 2564; x_wconf 67' lang='lat' dir='ltr'><em>Skyros</em></span> <span class='ocrx_word' id='word_1_120' title='bbox 561 2478 634 2544; x_wconf 81' lang='grc' dir='ltr'>οιιά</span> <span class='ocrx_word' id='word_1_121' title='bbox 657 2476 708 2543; x_wconf 74' lang='lat' dir='ltr'>the</span> <span class='ocrx_word' id='word_1_122' title='bbox 730 2477 836 2542; x_wconf 76' lang='grc' dir='ltr'>Βοιιοο</span> <span class='ocrx_word' id='word_1_123' title='bbox 857 2475 896 2561; x_wconf 84' lang='lat' dir='ltr'>of</span> <span class='ocrx_word' id='word_1_124' title='bbox 914 2475 1060 2543; x_wconf 71' lang='grc' dir='ltr'>θθιουοιιο.</span> 
     </span>
    </p>
   </div>
   <div class='ocr_carea' id='block_1_6' title="bbox 218 2615 552 2702">
    <p class='ocr_par' dir='ltr' id='par_1_8' title="bbox 218 2615 552 2702">
     <span class='ocr_line' id='line_1_19' title="bbox 218 2615 552 2702; baseline -0.006 -18"><span class='ocrx_word' id='word_1_125' title='bbox 218 2629 272 2684; x_wconf 76' lang='grc'><strong>25.</strong></span> <span class='ocrx_word' id='word_1_126' title='bbox 296 2615 398 2681; x_wconf 82' lang='lat' dir='ltr'><strong>Thuc.</strong></span> <span class='ocrx_word' id='word_1_127' title='bbox 414 2617 436 2681; x_wconf 92' lang='lat' dir='ltr'>i.</span> <span class='ocrx_word' id='word_1_128' title='bbox 452 2619 504 2702; x_wconf 89' lang='lat'>98.</span> <span class='ocrx_word' id='word_1_129' title='bbox 523 2637 552 2682; x_wconf 89' lang='lat'>2.</span> 
     </span>
    </p>
   </div>
   <div class='ocr_carea' id='block_1_7' title="bbox 174 2736 1329 4378">
    <p class='ocr_par' dir='ltr' id='par_1_9' title="bbox 174 2736 1329 4378">
     <span class='ocr_line' id='line_1_20' title="bbox 218 2736 1327 2819; baseline -0.001 -16"><span class='ocrx_word' id='word_1_130' title='bbox 218 2750 272 2804; x_wconf 78' lang='lat'>26.</span> <span class='ocrx_word' id='word_1_131' title='bbox 294 2736 383 2803; x_wconf 74' lang='lat' dir='ltr'><strong>Plut.</strong></span> <span class='ocrx_word' id='word_1_132' title='bbox 400 2738 486 2803; x_wconf 76' lang='lat' dir='ltr'>Cim.</span> <span class='ocrx_word' id='word_1_133' title='bbox 504 2742 542 2804; x_wconf 89' lang='lat'>8:</span> <span class='ocrx_word' id='word_1_134' title='bbox 561 2737 707 2803; x_wconf 85' lang='grc' dir='ltr'>Ὠικισαν</span> <span class='ocrx_word' id='word_1_135' title='bbox 722 2741 755 2803; x_wconf 76' lang='grc' dir='ltr'>δέ</span> <span class='ocrx_word' id='word_1_136' title='bbox 775 2739 824 2803; x_wconf 86' lang='grc' dir='ltr'>καὶ</span> <span class='ocrx_word' id='word_1_137' title='bbox 848 2742 963 2819; x_wconf 88' lang='grc' dir='ltr'>Σκῦρον</span> <span class='ocrx_word' id='word_1_138' title='bbox 986 2738 1108 2804; x_wconf 74' lang='grc' dir='ltr'>ἑλόντος</span> <span class='ocrx_word' id='word_1_139' title='bbox 1131 2738 1267 2819; x_wconf 77' lang='grc' dir='ltr'>Κίμωνος</span> <span class='ocrx_word' id='word_1_140' title='bbox 1290 2737 1327 2817; x_wconf 84' lang='grc' dir='ltr'>ἐξ</span> 
     </span>
     <span class='ocr_line' id='line_1_21' title="bbox 174 2840 1325 2927; baseline 0.003 -20"><span class='ocrx_word' id='word_1_141' title='bbox 174 2846 272 2910; x_wconf 76' lang='grc' dir='ltr'>αἰτίας</span> <span class='ocrx_word' id='word_1_142' title='bbox 295 2844 440 2920; x_wconf 81' lang='grc' dir='ltr'>τοιαύτης.</span> <span class='ocrx_word' id='word_1_143' title='bbox 487 2844 627 2910; x_wconf 87' lang='grc' dir='ltr'>Δόλοπες</span> <span class='ocrx_word' id='word_1_144' title='bbox 658 2840 754 2927; x_wconf 72' lang='grc' dir='ltr'>ᾄκουν</span> <span class='ocrx_word' id='word_1_145' title='bbox 784 2843 840 2923; x_wconf 77' lang='grc' dir='ltr'>τὴν</span> <span class='ocrx_word' id='word_1_146' title='bbox 870 2846 973 2922; x_wconf 84' lang='grc' dir='ltr'>νῆσον,</span> <span class='ocrx_word' id='word_1_147' title='bbox 1000 2843 1121 2925; x_wconf 80' lang='grc' dir='ltr'>ἐργόται</span> <span class='ocrx_word' id='word_1_148' title='bbox 1151 2844 1235 2906; x_wconf 86' lang='grc' dir='ltr'>κακοὶ</span> <span class='ocrx_word' id='word_1_149' title='bbox 1259 2847 1325 2925; x_wconf 77' lang='grc' dir='ltr'>γῆς·</span> 
     </span>
     <span class='ocr_line' id='line_1_22' title="bbox 175 2946 1326 3028; baseline 0 -17"><span class='ocrx_word' id='word_1_150' title='bbox 175 2948 347 3028; x_wconf 77' lang='grc' dir='ltr'>ληϊζόμενοι</span> <span class='ocrx_word' id='word_1_151' title='bbox 374 2949 406 3010; x_wconf 76' lang='grc' dir='ltr'>δὲ</span> <span class='ocrx_word' id='word_1_152' title='bbox 430 2946 485 3026; x_wconf 78' lang='grc' dir='ltr'>τήν</span> <span class='ocrx_word' id='word_1_153' title='bbox 515 2946 678 3011; x_wconf 87' lang='grc' dir='ltr'>θόλασσαν</span> <span class='ocrx_word' id='word_1_154' title='bbox 707 2948 739 3012; x_wconf 85' lang='grc' dir='ltr'>ἐκ</span> <span class='ocrx_word' id='word_1_155' title='bbox 769 2952 911 3023; x_wconf 82' lang='grc' dir='ltr'>παλαιοῦ,</span> <span class='ocrx_word' id='word_1_156' title='bbox 940 2953 1138 3013; x_wconf 81' lang='grc' dir='ltr'>τελευτῶντες</span> <span class='ocrx_word' id='word_1_157' title='bbox 1168 2946 1236 3010; x_wconf 74' lang='grc' dir='ltr'>οῦδὲ</span> <span class='ocrx_word' id='word_1_158' title='bbox 1265 2952 1326 3011; x_wconf 82' lang='grc' dir='ltr'>τῶν</span> 
     </span>
     <span class='ocr_line' id='line_1_23' title="bbox 175 3048 1325 3134; baseline -0.003 -17"><span class='ocrx_word' id='word_1_159' title='bbox 175 3051 382 3117; x_wconf 79' lang='grc' dir='ltr'>εἰσπλεόντων</span> <span class='ocrx_word' id='word_1_160' title='bbox 414 3048 483 3132; x_wconf 88' lang='grc' dir='ltr'>παρ’</span> <span class='ocrx_word' id='word_1_161' title='bbox 512 3050 618 3117; x_wconf 81' lang='grc' dir='ltr'>αὐτοὺς</span> <span class='ocrx_word' id='word_1_162' title='bbox 648 3053 696 3115; x_wconf 87' lang='grc' dir='ltr'>καὶ</span> <span class='ocrx_word' id='word_1_163' title='bbox 726 3049 891 3134; x_wconf 81' lang='grc' dir='ltr'>χρωμένων</span> <span class='ocrx_word' id='word_1_164' title='bbox 919 3051 1080 3134; x_wconf 79' lang='grc' dir='ltr'>ἀπείχοντο</span> <span class='ocrx_word' id='word_1_165' title='bbox 1110 3048 1215 3129; x_wconf 76' lang='grc' dir='ltr'>ξένων,</span> <span class='ocrx_word' id='word_1_166' title='bbox 1242 3051 1325 3114; x_wconf 87' lang='grc' dir='ltr'>ἀλλά</span> 
     </span>
     <span class='ocr_line' id='line_1_24' title="bbox 176 3152 1326 3236; baseline 0.001 -17"><span class='ocrx_word' id='word_1_167' title='bbox 176 3152 350 3221; x_wconf 88' lang='grc' dir='ltr'>Θετταλούς</span> <span class='ocrx_word' id='word_1_168' title='bbox 365 3179 449 3221; x_wconf 91' lang='grc' dir='ltr'>τινας</span> <span class='ocrx_word' id='word_1_169' title='bbox 466 3154 611 3236; x_wconf 85' lang='grc' dir='ltr'>ἐμπόρους</span> <span class='ocrx_word' id='word_1_170' title='bbox 629 3155 698 3236; x_wconf 82' lang='grc' dir='ltr'>περὶ</span> <span class='ocrx_word' id='word_1_171' title='bbox 709 3154 744 3218; x_wconf 90' lang='grc' dir='ltr'>τδ</span> <span class='ocrx_word' id='word_1_172' title='bbox 756 3152 891 3233; x_wconf 77' lang='grc' dir='ltr'>Κτήσιον</span> <span class='ocrx_word' id='word_1_173' title='bbox 906 3153 1124 3235; x_wconf 78' lang='grc' dir='ltr'>ὁρμισαμένους</span> <span class='ocrx_word' id='word_1_174' title='bbox 1137 3153 1326 3234; x_wconf 90' lang='grc' dir='ltr'>συλήσαντες</span> 
     </span>
     <span class='ocr_line' id='line_1_25' title="bbox 176 3257 1325 3342; baseline -0.001 -18"><span class='ocrx_word' id='word_1_175' title='bbox 176 3258 288 3342; x_wconf 77' lang='grc' dir='ltr'>εἶρξαν.</span> <span class='ocrx_word' id='word_1_176' title='bbox 334 3259 401 3322; x_wconf 79' lang='grc' dir='ltr'>ἐπεὶ</span> <span class='ocrx_word' id='word_1_177' title='bbox 417 3261 450 3323; x_wconf 78' lang='grc' dir='ltr'>δέ</span> <span class='ocrx_word' id='word_1_178' title='bbox 466 3257 638 3339; x_wconf 88' lang='grc' dir='ltr'>διαδρόντες</span> <span class='ocrx_word' id='word_1_179' title='bbox 653 3260 686 3323; x_wconf 88' lang='grc' dir='ltr'>ἐκ</span> <span class='ocrx_word' id='word_1_180' title='bbox 702 3263 760 3323; x_wconf 86' lang='grc' dir='ltr'>τῦν</span> <span class='ocrx_word' id='word_1_181' title='bbox 775 3263 896 3339; x_wconf 87' lang='grc' dir='ltr'>δεσμῦν</span> <span class='ocrx_word' id='word_1_182' title='bbox 911 3261 941 3323; x_wconf 80' lang='grc' dir='ltr'>οἱ</span> <span class='ocrx_word' id='word_1_183' title='bbox 957 3259 1110 3339; x_wconf 79' lang='grc' dir='ltr'>ἄνθρωποι</span> <span class='ocrx_word' id='word_1_184' title='bbox 1131 3258 1215 3336; x_wconf 89' lang='grc' dir='ltr'>δίκην</span> <span class='ocrx_word' id='word_1_185' title='bbox 1239 3283 1325 3323; x_wconf 89' lang='grc' dir='ltr'>κατε·</span> 
     </span>
     <span class='ocr_line' id='line_1_26' title="bbox 176 3359 1326 3445; baseline -0.003 -16"><span class='ocrx_word' id='word_1_186' title='bbox 176 3362 340 3429; x_wconf 86' lang='grc' dir='ltr'>δικόσαντο</span> <span class='ocrx_word' id='word_1_187' title='bbox 363 3363 416 3440; x_wconf 82' lang='grc' dir='ltr'>τῆς</span> <span class='ocrx_word' id='word_1_188' title='bbox 438 3363 556 3428; x_wconf 92' lang='grc' dir='ltr'>πόλεως</span> <span class='ocrx_word' id='word_1_189' title='bbox 577 3360 840 3445; x_wconf 85' lang='grc' dir='ltr'>Ἀμφικτυονικήν,</span> <span class='ocrx_word' id='word_1_190' title='bbox 856 3362 890 3426; x_wconf 86' lang='grc' dir='ltr'>οῦ</span> <span class='ocrx_word' id='word_1_191' title='bbox 911 3360 1106 3443; x_wconf 83' lang='grc' dir='ltr'>βουλομένων</span> <span class='ocrx_word' id='word_1_192' title='bbox 1128 3365 1166 3426; x_wconf 86' lang='grc' dir='ltr'>τά</span> <span class='ocrx_word' id='word_1_193' title='bbox 1187 3359 1326 3445; x_wconf 89' lang='grc' dir='ltr'>χρήματα</span> 
     </span>
     <span class='ocr_line' id='line_1_27' title="bbox 176 3466 1327 3550; baseline 0 -21"><span class='ocrx_word' id='word_1_194' title='bbox 176 3473 235 3532; x_wconf 81' lang='grc' dir='ltr'>τῶν</span> <span class='ocrx_word' id='word_1_195' title='bbox 257 3473 385 3531; x_wconf 82' lang='grc' dir='ltr'>πολλῶν</span> <span class='ocrx_word' id='word_1_196' title='bbox 408 3467 602 3543; x_wconf 88' lang='grc' dir='ltr'>συνεκτίνειν,</span> <span class='ocrx_word' id='word_1_197' title='bbox 617 3466 699 3530; x_wconf 83' lang='grc' dir='ltr'>ἀλλά</span> <span class='ocrx_word' id='word_1_198' title='bbox 722 3467 790 3533; x_wconf 81' lang='grc' dir='ltr'>τοὺς</span> <span class='ocrx_word' id='word_1_199' title='bbox 813 3466 939 3550; x_wconf 82' lang='grc' dir='ltr'>ἔχοντας</span> <span class='ocrx_word' id='word_1_200' title='bbox 960 3467 1009 3531; x_wconf 87' lang='grc' dir='ltr'>καὶ</span> <span class='ocrx_word' id='word_1_201' title='bbox 1031 3466 1232 3547; x_wconf 80' lang='grc' dir='ltr'>διηρπακότας</span> <span class='ocrx_word' id='word_1_202' title='bbox 1250 3466 1327 3530; x_wconf 90' lang='grc' dir='ltr'>ἀπο·</span> 
     </span>
     <span class='ocr_line' id='line_1_28' title="bbox 176 3568 1327 3652; baseline -0.003 -16"><span class='ocrx_word' id='word_1_203' title='bbox 176 3575 279 3636; x_wconf 89' lang='grc' dir='ltr'>δοῦναι</span> <span class='ocrx_word' id='word_1_204' title='bbox 311 3568 505 3646; x_wconf 88' lang='grc' dir='ltr'>κελευόντων,</span> <span class='ocrx_word' id='word_1_205' title='bbox 535 3570 691 3637; x_wconf 90' lang='grc' dir='ltr'>δείσαντες</span> <span class='ocrx_word' id='word_1_206' title='bbox 721 3571 832 3634; x_wconf 84' lang='grc' dir='ltr'>ἐκεῖνοι</span> <span class='ocrx_word' id='word_1_207' title='bbox 869 3571 1020 3648; x_wconf 86' lang='grc' dir='ltr'>πέμπουσι</span> <span class='ocrx_word' id='word_1_208' title='bbox 1057 3568 1215 3652; x_wconf 86' lang='grc' dir='ltr'>γρόμματα</span> <span class='ocrx_word' id='word_1_209' title='bbox 1252 3575 1327 3651; x_wconf 85' lang='grc' dir='ltr'>πρὸς</span> 
     </span>
     <span class='ocr_line' id='line_1_29' title="bbox 178 3670 1327 3756; baseline -0.001 -18"><span class='ocrx_word' id='word_1_210' title='bbox 178 3676 311 3753; x_wconf 89' lang='grc' dir='ltr'>Κίμωνα,</span> <span class='ocrx_word' id='word_1_211' title='bbox 331 3673 508 3740; x_wconf 85' lang='grc' dir='ltr'>κελεύοντες</span> <span class='ocrx_word' id='word_1_212' title='bbox 523 3673 608 3751; x_wconf 87' lang='grc' dir='ltr'>ήκειν</span> <span class='ocrx_word' id='word_1_213' title='bbox 622 3673 698 3755; x_wconf 86' lang='grc' dir='ltr'>μετά</span> <span class='ocrx_word' id='word_1_214' title='bbox 713 3682 773 3739; x_wconf 82' lang='grc' dir='ltr'>τῶν</span> <span class='ocrx_word' id='word_1_215' title='bbox 794 3680 870 3739; x_wconf 79' lang='grc' dir='ltr'>νεῶν</span> <span class='ocrx_word' id='word_1_216' title='bbox 889 3675 1067 3756; x_wconf 73' lang='grc' dir='ltr'>ληψόμενον</span> <span class='ocrx_word' id='word_1_217' title='bbox 1088 3673 1143 3751; x_wconf 85' lang='grc' dir='ltr'>τὴν</span> <span class='ocrx_word' id='word_1_218' title='bbox 1163 3675 1256 3738; x_wconf 90' lang='grc' dir='ltr'>πόλιν</span> <span class='ocrx_word' id='word_1_219' title='bbox 1278 3670 1327 3737; x_wconf 83' lang='grc' dir='ltr'>ὑπ’</span> 
     </span>
     <span class='ocr_line' id='line_1_30' title="bbox 177 3776 1327 3859; baseline 0.003 -19"><span class='ocrx_word' id='word_1_220' title='bbox 177 3777 274 3842; x_wconf 83' lang='grc' dir='ltr'>αύτῦν</span> <span class='ocrx_word' id='word_1_221' title='bbox 296 3777 498 3858; x_wconf 85' lang='grc' dir='ltr'>ἐνδιδομένην.</span> <span class='ocrx_word' id='word_1_222' title='bbox 544 3780 733 3859; x_wconf 81' lang='grc' dir='ltr'>παραλαβὼν</span> <span class='ocrx_word' id='word_1_223' title='bbox 756 3776 781 3842; x_wconf 87' lang='grc' dir='ltr'>δ’</span> <span class='ocrx_word' id='word_1_224' title='bbox 808 3779 884 3841; x_wconf 85' lang='grc' dir='ltr'>οθτω</span> <span class='ocrx_word' id='word_1_225' title='bbox 907 3777 961 3855; x_wconf 78' lang='grc' dir='ltr'>τὴν</span> <span class='ocrx_word' id='word_1_226' title='bbox 979 3778 1073 3854; x_wconf 82' lang='grc' dir='ltr'>νήσον</span> <span class='ocrx_word' id='word_1_227' title='bbox 1097 3779 1113 3840; x_wconf 87' lang='grc' dir='ltr'>ό</span> <span class='ocrx_word' id='word_1_228' title='bbox 1132 3777 1236 3857; x_wconf 88' lang='grc' dir='ltr'>Κίμων</span> <span class='ocrx_word' id='word_1_229' title='bbox 1258 3777 1327 3844; x_wconf 84' lang='grc' dir='ltr'>τοὺς</span> 
     </span>
     <span class='ocr_line' id='line_1_31' title="bbox 176 3879 1327 3965; baseline 0.001 -22"><span class='ocrx_word' id='word_1_230' title='bbox 176 3882 233 3961; x_wconf 83' lang='grc' dir='ltr'>μέν</span> <span class='ocrx_word' id='word_1_231' title='bbox 248 3882 394 3948; x_wconf 89' lang='grc' dir='ltr'>Δόλοπας</span> <span class='ocrx_word' id='word_1_232' title='bbox 413 3879 546 3960; x_wconf 78' lang='grc' dir='ltr'>ἐξήλασε</span> <span class='ocrx_word' id='word_1_233' title='bbox 562 3883 679 3948; x_wconf 82' lang='grc' dir='ltr'>καὶτὸν</span> <span class='ocrx_word' id='word_1_234' title='bbox 695 3885 822 3965; x_wconf 77' lang='grc' dir='ltr'>Αἰγαῖον</span> <span class='ocrx_word' id='word_1_235' title='bbox 841 3881 1042 3963; x_wconf 83' lang='grc' dir='ltr'>ἠλευθέρωσε,</span> <span class='ocrx_word' id='word_1_236' title='bbox 1058 3881 1279 3959; x_wconf 87' lang='grc' dir='ltr'>πυνθανόμενος</span> <span class='ocrx_word' id='word_1_237' title='bbox 1295 3884 1327 3946; x_wconf 79' lang='grc' dir='ltr'>δὲ</span> 
     </span>
     <span class='ocr_line' id='line_1_32' title="bbox 177 3982 1329 4069; baseline 0.003 -23"><span class='ocrx_word' id='word_1_238' title='bbox 177 3983 231 4050; x_wconf 86' lang='grc' dir='ltr'>τάν</span> <span class='ocrx_word' id='word_1_239' title='bbox 247 3989 377 4049; x_wconf 88' lang='grc' dir='ltr'>παλοιδν</span> <span class='ocrx_word' id='word_1_240' title='bbox 393 3983 502 4063; x_wconf 86' lang='grc' dir='ltr'>Θησέα</span> <span class='ocrx_word' id='word_1_241' title='bbox 517 3984 569 4049; x_wconf 91' lang='grc' dir='ltr'>τδν</span> <span class='ocrx_word' id='word_1_242' title='bbox 584 3985 700 4067; x_wconf 80' lang='grc' dir='ltr'>Αἰγέως</span> <span class='ocrx_word' id='word_1_243' title='bbox 716 3987 853 4069; x_wconf 80' lang='grc' dir='ltr'>φυγόντα</span> <span class='ocrx_word' id='word_1_244' title='bbox 866 3987 922 4066; x_wconf 80' lang='grc' dir='ltr'>μέν</span> <span class='ocrx_word' id='word_1_245' title='bbox 939 3983 975 4063; x_wconf 83' lang='grc' dir='ltr'>ἐξ</span> <span class='ocrx_word' id='word_1_246' title='bbox 989 3982 1125 4064; x_wconf 81' lang='grc' dir='ltr'>Ἀθηνῶν</span> <span class='ocrx_word' id='word_1_247' title='bbox 1146 3985 1187 4050; x_wconf 86' lang='grc' dir='ltr'>είς</span> <span class='ocrx_word' id='word_1_248' title='bbox 1202 3988 1329 4067; x_wconf 87' lang='grc' dir='ltr'>Σκῦρον,</span> 
     </span>
     <span class='ocr_line' id='line_1_33' title="bbox 178 4082 1328 4174; baseline 0.003 -23"><span class='ocrx_word' id='word_1_249' title='bbox 178 4088 267 4152; x_wconf 76' lang='grc' dir='ltr'>αὐτοῦ</span> <span class='ocrx_word' id='word_1_250' title='bbox 282 4086 307 4153; x_wconf 93' lang='grc' dir='ltr'>δ’</span> <span class='ocrx_word' id='word_1_251' title='bbox 324 4088 516 4154; x_wconf 79' lang='grc' dir='ltr'>ἀποθανόντα</span> <span class='ocrx_word' id='word_1_252' title='bbox 531 4089 611 4174; x_wconf 79' lang='grc' dir='ltr'>δόλῳ</span> <span class='ocrx_word' id='word_1_253' title='bbox 628 4089 677 4154; x_wconf 89' lang='grc' dir='ltr'>διά</span> <span class='ocrx_word' id='word_1_254' title='bbox 692 4093 796 4172; x_wconf 83' lang='grc' dir='ltr'>φόβον</span> <span class='ocrx_word' id='word_1_255' title='bbox 809 4082 869 4154; x_wconf 83' lang='grc' dir='ltr'>ύπδ</span> <span class='ocrx_word' id='word_1_256' title='bbox 884 4087 1076 4168; x_wconf 90' lang='grc' dir='ltr'>Λυκομήδους</span> <span class='ocrx_word' id='word_1_257' title='bbox 1090 4091 1144 4152; x_wconf 89' lang='grc' dir='ltr'>τοῦ</span> <span class='ocrx_word' id='word_1_258' title='bbox 1163 4088 1328 4169; x_wconf 87' lang='grc' dir='ltr'>βασιλέως,</span> 
     </span>
     <span class='ocr_line' id='line_1_34' title="bbox 179 4189 1328 4276; baseline 0.001 -21"><span class='ocrx_word' id='word_1_259' title='bbox 179 4190 351 4256; x_wconf 87' lang='grc' dir='ltr'>ἐσπούδασε</span> <span class='ocrx_word' id='word_1_260' title='bbox 373 4197 426 4256; x_wconf 90' lang='grc' dir='ltr'>τδν</span> <span class='ocrx_word' id='word_1_261' title='bbox 448 4189 547 4275; x_wconf 84' lang='grc' dir='ltr'>τόφον</span> <span class='ocrx_word' id='word_1_262' title='bbox 563 4193 707 4275; x_wconf 82' lang='grc' dir='ltr'>ἀνευρεῖν.</span> <span class='ocrx_word' id='word_1_263' title='bbox 753 4195 802 4258; x_wconf 86' lang='grc' dir='ltr'>καὶ</span> <span class='ocrx_word' id='word_1_264' title='bbox 817 4197 874 4276; x_wconf 82' lang='grc' dir='ltr'>γάρ</span> <span class='ocrx_word' id='word_1_265' title='bbox 889 4193 925 4274; x_wconf 78' lang='grc' dir='ltr'>ἦν</span> <span class='ocrx_word' id='word_1_266' title='bbox 939 4192 1076 4276; x_wconf 89' lang='grc' dir='ltr'>χρησμὸς</span> <span class='ocrx_word' id='word_1_267' title='bbox 1097 4189 1268 4271; x_wconf 88' lang='grc' dir='ltr'>Ἀθηναίοις</span> <span class='ocrx_word' id='word_1_268' title='bbox 1291 4192 1328 4256; x_wconf 86' lang='grc' dir='ltr'>τὰ</span> 
     </span>
     <span class='ocr_line' id='line_1_35' title="bbox 180 4293 1326 4378; baseline 0.002 -21"><span class='ocrx_word' id='word_1_269' title='bbox 180 4293 309 4372; x_wconf 86' lang='grc' dir='ltr'>Θησέως</span> <span class='ocrx_word' id='word_1_270' title='bbox 325 4296 461 4377; x_wconf 73' lang='grc' dir='ltr'>λείψανα</span> <span class='ocrx_word' id='word_1_271' title='bbox 476 4296 608 4362; x_wconf 89' lang='grc' dir='ltr'>κελεύων</span> <span class='ocrx_word' id='word_1_272' title='bbox 629 4298 819 4377; x_wconf 78' lang='grc' dir='ltr'>ἀνακομίζειν</span> <span class='ocrx_word' id='word_1_273' title='bbox 841 4300 883 4363; x_wconf 83' lang='grc' dir='ltr'>είς</span> <span class='ocrx_word' id='word_1_274' title='bbox 901 4297 979 4361; x_wconf 84' lang='grc' dir='ltr'>ἀστυ</span> <span class='ocrx_word' id='word_1_275' title='bbox 1002 4293 1051 4359; x_wconf 79' lang='grc' dir='ltr'>καὶ</span> <span class='ocrx_word' id='word_1_276' title='bbox 1073 4300 1162 4374; x_wconf 80' lang='grc' dir='ltr'>τιμᾶν</span> <span class='ocrx_word' id='word_1_277' title='bbox 1184 4295 1224 4362; x_wconf 84' lang='grc' dir='ltr'>ὦς</span> <span class='ocrx_word' id='word_1_278' title='bbox 1245 4296 1326 4378; x_wconf 80' lang='grc' dir='ltr'>ἥρωα</span> 
     </span>
    </p>
   </div>
   <div class='ocr_carea' id='block_1_8' title="bbox 376 4498 1131 4567">
    <p class='ocr_par' dir='ltr' id='par_1_10' title="bbox 376 4498 1131 4567">
     <span class='ocr_line' id='line_1_36' title="bbox 376 4498 1131 4567; baseline 0 -15"><span class='ocrx_word' id='word_1_279' title='bbox 376 4498 386 4530; x_wconf 90' lang='lat'><em>¹</em></span> <span class='ocrx_word' id='word_1_280' title='bbox 401 4500 439 4552; x_wconf 86' lang='lat' dir='ltr'>Or</span> <span class='ocrx_word' id='word_1_281' title='bbox 449 4498 596 4567; x_wconf 68' lang='grc' dir='ltr'>Βνζό]νπιοι.</span> <span class='ocrx_word' id='word_1_282' title='bbox 959 4500 969 4530; x_wconf 77' lang='lat'>²</span> <span class='ocrx_word' id='word_1_283' title='bbox 987 4503 1022 4553; x_wconf 81' lang='lat' dir='ltr'>Or</span> <span class='ocrx_word' id='word_1_284' title='bbox 1034 4499 1131 4565; x_wconf 80' lang='grc' dir='ltr'>Σιγείοι.</span> 
     </span>
    </p>
   </div>
   <div class='ocr_carea' id='block_1_9' title="bbox 0 0 1515 5046">
    <p class='ocr_par' dir='ltr' id='par_1_11' title="bbox 0 0 1515 5046">
     <span class='ocr_line' id='line_1_37' title="bbox 0 0 1515 5046; baseline 0 0"><span class='ocrx_word' id='word_1_285' title='bbox 0 0 1515 5046; x_wconf 95' lang='lat' dir='ltr'> </span> 
     </span>
    </p>
   </div>
  </div>
 </body>
</html>
