3000 5046
149 356 262 424 ma]
549 349 883 409 BIOGRAPHICAL.
1239 368 1298 429 241

149 546 205 625 τήν
220 547 410 628 κατηγορίαν,
426 547 475 611 καὶ
489 546 630 629 χρήματα
644 548 763 623 ἔδοσαν,
779 546 972 615 διδάσκοντες
989 549 1035 612 ὅτι
1051 551 1227 615 Παυσανίας
1243 554 1300 631 μέν

149 651 251 733 κρίνας
266 650 439 732 προδιδόναι
455 651 525 717 τοὺς
536 649 692 728 Ἕλληνας
707 650 843 730 ἐδήλωσε
859 653 914 730 τήν
926 653 1006 716 ίδίαν
1017 655 1170 733 ἐπιβολὴν
1182 658 1300 735 Θεμισ-

148 760 252 820 τοκλεῖ
274 752 322 819 καί
344 754 534 838 παρεκάλεσε
557 760 709 819 κοινωνεῖν
731 759 784 834 τῆς
802 756 982 837 προθέσεως,
999 759 1014 820 ά
1034 759 1066 821 δέ
1083 761 1301 837 Θεμιστοκλῆς

150 859 217 925 οὔτε
242 859 444 942 προσεδέξατο
466 861 522 940 τήν
545 859 679 937 ἔντευξιν
702 860 769 924 οὔτε
791 859 976 940 διαβάλλειν
1000 863 1098 943 ἔκρινε
1121 866 1185 925 δεῖν
1207 863 1301 943 ἄνδρα

149 963 251 1044 φίλον.
296 960 344 1050 (5)
368 963 402 1028 οὗ
425 965 485 1044 μὴν
510 965 594 1026 ἀλλά
622 966 834 1046 κατηγορηθεὶς
864 966 880 1027 δ
908 968 1123 1043 Θεμιστοκλῆς
1155 967 1224 1029 τότε
1243 967 1300 1046 μέν

149 1066 288 1150 ἀπέφυγε
306 1067 360 1147 τήν
377 1071 431 1146 τῆς
449 1067 612 1148 προδοσίας
633 1068 741 1143 κρίσιν.
775 1071 822 1131 διδ
838 1069 886 1131 καὶ
901 1073 935 1131 τδ
949 1072 1005 1147 μέν
1021 1076 1139 1148 πρῶτον
1153 1071 1229 1148 μετὰ
1244 1069 1300 1147 τὴν

148 1170 299 1234 ἀπόλυσιν
312 1171 405 1253 μέγας
422 1170 459 1250 ἦν
473 1173 553 1250 παρά
568 1174 630 1236 τοῖς
642 1169 824 1248 Ἀθηναίοις·
855 1170 980 1251 ἠγάπων
995 1171 1051 1254 γάρ
1066 1174 1156 1236 αὐτὸν
1172 1175 1221 1236 ἐπὶ
1237 1179 1300 1238 τοῖς

148 1272 370 1356 πεπραγμένοις
388 1274 590 1355 διαφερόντως
609 1275 638 1337 οῖ
658 1278 790 1339 πολῖται·
823 1274 897 1354 μετὰ
918 1278 951 1340 δέ
971 1280 1062 1338 ταῦτα
1080 1278 1110 1339 οῖ
1125 1279 1180 1364 μέν
1195 1282 1299 1356 φοβη-

150 1379 250 1444 θέντες
277 1377 366 1441 αίντοῢ
389 1378 444 1456 τὴν
465 1377 627 1460 ὑπεροχήν,
649 1379 679 1441 οί
703 1380 735 1441 δέ
758 1376 968 1458 φθονήσαντες
990 1382 1026 1465 τῇ
1053 1378 1134 1459 δόξη,
1159 1388 1220 1445 τῶν
1245 1382 1300 1457 μέν

149 1481 330 1563 εὐεργεσιῶν
345 1481 542 1558 ἐπελάθοντο,
553 1481 608 1560 τὴν
624 1481 648 1545 δ’
661 1481 751 1562 ἰσχὺν
767 1482 857 1546 αὐτοῦ
873 1485 921 1546 καὶ
937 1488 971 1545 τὸ
987 1484 1125 1563 φρόνημα
1140 1487 1301 1548 ταπεινοῦν

149 1585 307 1651 έσπευδον.
353 1583 423 1670 (55)
445 1592 564 1666 πρῶτον
582 1587 639 1663 μέν
662 1585 713 1648 οὖν
734 1584 823 1648 αὐτὸν
839 1588 872 1648 ἐκ
891 1589 944 1664 τῆς
960 1588 1080 1653 πόλεως
1098 1588 1298 1666 μετέστησαν,

149 1693 254 1753 τοῦτον
268 1695 322 1753 τδν
336 1688 557 1767 ὀνομαζόμενον
572 1689 776 1770 ὀστρακισμὸν
792 1691 995 1771 ἐπαγαγόντες
1016 1691 1093 1774 αὐτῷ
1111 1737 1118 1753 .
1136 1739 1143 1752 .
1161 1737 1168 1752 .
1218 1686 1299 1775 (3)ά

149 1797 205 1871 μέν
228 1792 280 1856 οῖνν
299 1795 513 1872 Θεμιστοκλῆς
537 1841 543 1854 .
564 1841 571 1855 .
592 1839 600 1856 .
623 1790 869 1871 ἐξοστρακισθείς
892 1793 1005 1874 ἐφυγεν
1028 1796 1061 1857 ἐκ
1084 1796 1136 1870 τῆς
1159 1795 1300 1876 πατρίδος

151 1896 193 1961 είς
210 1894 335 1980 Ἄργος.
380 1892 481 1984 (4)οί
507 1899 539 1960 δέ
562 1896 793 1975 Λακεδαιμόνιοι
819 1899 981 1974 πυθόμενοι
1007 1894 1075 1975 περὶ
1102 1899 1224 1976 τούτων,
1251 1898 1300 1961 καὶ

151 2000 327 2077 νομίσαντες
350 2001 430 2079 παρὰ
452 2003 505 2078 τῆς
528 1999 620 2081 τύχης
644 1999 802 2081 εἰληφέναι
818 2000 921 2081 καιρὸν
942 2000 1100 2064 ἐπιθέσθαι
1120 2003 1160 2086 τῶ
1183 2005 1299 2081 Θεμισ·

150 2107 262 2180 τοκλεῖ,
278 2102 372 2167 πάλιν
388 2105 430 2170 εῖς
445 2107 498 2170 τάς
513 2101 643 2182 Ἀθήνας
664 2101 884 2183 ἐξαπέστειλαν
902 2102 1049 2185 πρέσβεις
1066 2109 1299 2185 κατηγοροῦντες

149 2210 202 2270 τοῦ
218 2207 462 2287 Θεμιστοκλέους
479 2208 525 2271 ὅτι
539 2209 580 2292 τῷ
598 2208 757 2292 Παυσανίᾳ
777 2210 973 2284 κεκοινώνηκε
992 2207 1044 2286 τῆς
1059 2210 1236 2289 προδοσίας,
1250 2206 1300 2272 καῖ

150 2314 212 2373 δεῖν
228 2311 349 2391 ἔφασαν
368 2318 429 2375 τῶν
451 2319 560 2377 κοινῶν
582 2312 633 2388 τῆς
648 2308 797 2377 Ἑλλάδος
821 2310 1009 2391 ἀδικημάτων
1025 2311 1103 2375 εἶναι
1124 2313 1179 2391 τήν
1200 2314 1300 2391 κρίσιν

150 2413 202 2476 οὐκ
227 2415 287 2498 ἰδίᾳ
310 2419 390 2494 παρὰ
411 2421 473 2481 τοῖς
494 2413 672 2493 Ἀθηναίοις,
696 2412 767 2478 ἀλλ’
790 2412 839 2479 ἐπὶ
863 2421 916 2478 τοῦ
939 2420 1038 2479 κοινοῦ
1061 2417 1217 2492 συνεδρίου
1239 2423 1300 2480 τῶν

149 2513 316 2596 Ἑλλήνων,
333 2521 406 2598 ὅπερ
431 2521 529 2583 είῶθει
551 2520 740 2600 συνεδρεύειν
758 2518 802 2603 (ἐν
822 2522 858 2605 τῇ
876 2520 1008 2605 Σπάρτῃ)
1032 2516 1095 2582 κατ’
1111 2521 1225 2584 ἐκεῖνον
1247 2524 1300 2584 τὸν

149 2622 271 2701 χρόνον.
305 2618 352 2707 (5)
369 2625 384 2683 ό
401 2626 433 2687 δέ
449 2625 661 2700 Θεμιστοκλῆς
676 2624 754 2703 ὁρῶν
769 2622 837 2688 τοὺς
849 2623 1102 2703 Λακεδαιμονίους
1114 2625 1300 2690 σπεύδοντος

150 2729 311 2802 διαβαλεῖν
319 2727 375 2805 τὴν
386 2727 477 2790 πάλιν
488 2733 549 2790 τῶν
559 2726 728 2804 Ἀθηναίων
739 2724 787 2790 καὶ
799 2733 994 2802 ταπεινῶσαι,
1007 2727 1075 2793 τοὺς
1087 2727 1113 2791 δ’
1124 2725 1300 2805 Ἀθηναίους

149 2828 355 2908 βουλομένους1
367 2830 622 2912 ἀπολογήσασθαι
638 2827 706 2913 περὶ
722 2833 775 2908 τῆς
790 2832 1010 2913 ἐπιφερομένης
1026 2831 1132 2906 αἰτίας,
1143 2832 1301 2911 ὑπέλαβεν

151 2932 257 2996 ἐαυτὸν
274 2932 539 3011 παραδοθήσεσθαι
562 2932 603 3018 τῷ
626 2931 714 3019 κοινφ
737 2935 891 3018 συνεδρίῳ.
936 2931 984 3021 (6)
1007 2940 1094 2998 τοῦτο
1112 2932 1138 2999 δ’
1160 2935 1226 3022 ᾔδει
1245 2937 1299 3001 τάς

151 3036 263 3113 κρίσεις
279 3036 314 3099 οὐ
329 3038 457 3115 δικαίας,
472 3038 554 3101 ἀλλά
571 3044 644 3119 πρὸς
665 3037 755 3120 χάριν
771 3039 946 3117 ποιούμενον
965 3042 1028 3103 τοῖς
1044 3038 1300 3119 Λακεδαιμονίοις,

150 3141 381 3220 τεκμαιρόμενος
407 3141 441 3204 ἐκ
467 3167 500 3205 τε
530 3149 590 3207 τῶν
620 3143 725 3204 άλλων
755 3143 803 3205 καὶ
832 3141 870 3220 ἐξ
891 3144 933 3205 ῶν
957 3141 1121 3220 ἐποιήσατο
1147 3143 1216 3221 περί
1239 3150 1301 3207 τῶν

150 3245 308 3324 ἀριστείων
331 3291 339 3307 .
364 3292 372 3308 .
396 3291 404 3308 .
448 3242 495 3329 (7)
519 3245 569 3309 διὰ
594 3251 688 3309 ταῦτα
713 3245 749 3324 δή
776 3248 892 3327 συνέβη
918 3245 973 3310 τὸν
1000 3246 1213 3325 Θεμιστοκλέα
1238 3251 1300 3312 τοῖς

151 3347 305 3427 συνέδροις
325 3348 502 3424 ἀπιστῆσαι.
541 3349 665 3430 καὶγὰρ
686 3351 719 3412 ἐκ
734 3353 787 3426 τῆς
803 3349 1061 3433 προγεγενημένης
1081 3352 1249 3429 ἀπολογίας
1267 3351 1301 3416 ἐν

150 3455 216 3517 ταῖς
237 3448 379 3529 Ἀθήναις
404 3453 461 3515 ὑπὸ
482 3456 536 3515 ποῶ
559 3452 805 3531 Θεμιστοκλέους
829 3454 966 3533 ἀφορμὰς
988 3453 1074 3536 εἶχον
1098 3454 1129 3516 οί
1156 3459 1300 3518 Λακεδαι-

150 3555 248 3633 μόνιοι
269 3557 341 3637 πρὸς
362 3556 417 3634 τήν
436 3557 563 3638 ὕστερον
578 3555 744 3638 γενομένην
766 3557 954 3637 κατηγορίαν.
1000 3554 1048 3642 (8)
1071 3558 1088 3619 ὅ
1108 3560 1165 3638 γάρ
1181 3560 1299 3635 Θεμισ-

150 3661 259 3735 τοκλῆς
288 3659 530 3740 ἀπολογούμενος
560 3660 711 3740 ὡμολόγει
740 3660 796 3737 μέν
826 3662 880 3724 τὸν
905 3661 1084 3724 Παυσανίαν
1110 3660 1184 3740 πρὸς
1211 3659 1301 3724 αάτδν

151 3760 317 3827 ἐπιστολάς
343 3745 566 3827 ἀπεσταλκέναι
594 3767 827 3839 παρακαλοῦντα
855 3769 1021 3845 μετασχεῖν
1047 3766 1099 3841 τῆς
1124 3765 1299 3843 προδοσίας,

152 3862 199 3928 καῖ
223 3867 317 3950 τούτῳ
343 3868 477 3949 μεγίστῳ
507 3866 696 3949 χρησάμενος
724 3867 869 3949 τεκμηρίῳ
895 3867 1086 3945 συνίστανεν,
1113 3867 1159 3930 ὅτι
1185 3867 1236 3931 οὐκ
1262 3865 1301 3932 ἀν

151 3967 315 4048 παρεκάλει
348 3969 520 4035 Παυσανίας
551 3970 648 4045 αὐτόν,
677 3972 704 4034 εί
732 3970 772 4048 μὴ
796 3970 871 4052 πρὸς
900 3970 954 4048 τὴν
984 3968 1112 4050 ἀξίωσιν
1145 3968 1299 4053 ἀντέλεγε.

151 4068 220 4157 (56)
243 4075 292 4134 διά
314 4077 347 4136 δέ
369 4077 469 4148 ταῦτα,
485 4074 618 4154 καθάπερ
641 4071 868 4155 προειρήκαμεν,
890 4075 1003 4157 έφυγεν
1027 4072 1062 4153 ἐξ
1078 4072 1207 4157 Ἀργους
1226 4080 1299 4157 πρδς

148 4175 300 4255 ’λδμητον
322 4182 375 4240 τδν
399 4181 567 4241 Μολοττῶν
585 4176 733 4257 βασιλέα·
764 4178 945 4259 καταφυγὼν
967 4177 1001 4241 δέ
1023 4183 1096 4260 πρὸς
1118 4178 1173 4256 τὴν
1196 4178 1301 4243 ἐστίαν

152 4279 251 4358 ἱκέτης
274 4279 401 4360 ἐγένετο.
434 4282 450 4342 ὁ
477 4283 510 4344 δέ
536 4280 685 4360 βασιλεὺς
709 4281 744 4345 τὸ
766 4283 821 4362 μὲν
842 4287 961 4361 πρῶτον
983 4280 1187 4360 προσεδέξατο
1211 4281 1301 4347 αὐτὸν

152 4385 348 4465 φιλοφρόνως
380 4385 427 4447 καὶ
457 4384 621 4465 παρεκάλει
651 4388 770 4465 θαρρεῖν
800 4382 849 4449 καὶ
881 4390 916 4449 τὸ
940 4385 1072 4449 σύνολον
1096 4383 1301 4466 ἐπηγγέλλετο

693 4607 718 4655 B
