3000 5046
545 349 633 409 THE
661 349 873 408 WESYERN
896 349 1072 409 GREEKS.
1218 359 1385 425 [cmm.

576 660 790 726 Ιίσςίοταίῖοιι
812 658 850 745 of
866 660 1040 745 Ρνοροιὺγ.

272 799 341 868 Cim
356 800 500 878 Βνυίυς,
515 798 575 864 xii.
591 800 644 878 46.
688 798 750 865 See
766 797 873 864 below
889 810 969 863 204.

395 1039 568 1108 magu:
603 1028 734 1114 Temple
756 1027 795 1112 of
811 1028 896 1094 Ζευς
917 1029 991 1094 and
1012 1029 1103 1096 οθιστ
1124 1030 1239 1097 ωονίω.

272 1180 347 1234 149.
370 1167 469 1234 Diod.
482 1168 553 1231 xiii.
565 1169 622 1232 82:
641 1166 687 1230 'H
702 1193 735 1231 τε
750 1169 808 1250 γὺρ
822 1173 883 1230 τῶν
899 1169 987 1248 ἱερῶν
998 1170 1166 1248 κατασκευὴ
1182 1169 1230 1235 καὶ
1244 1170 1386 1252 μάλιστα

230 1275 316 1339 ότοὺ
333 1278 407 1339 Διὸς
426 1274 499 1338 νεὼς
518 1273 659 1353 ἐμφαίνει
681 1271 738 1350 τὴν
756 1271 1017 1353 μεγαλοπρέπειαν
1035 1279 1095 1337 τῶν
1117 1275 1186 1339 τότε
1208 1276 1386 1355 ἀνθρώπων·

228 1382 290 1442 τῶν
303 1379 359 1456 μὲν
371 1375 424 1442 οὑν
433 1376 538 1439 άλλων
555 1377 643 1456 ίερῶν
657 1377 694 1437 τδ
708 1376 765 1453 μὲν
780 1375 954 1454 κατεκαύθη,
965 1378 1003 1439 τὰ
1017 1377 1050 1439 δέ
1065 1378 1188 1444 τελείως
1204 1379 1385 1460 κατεσκάφη

229 1480 279 1546 διδ
294 1487 329 1544 τδ
344 1479 492 1545 πολλάκις
510 1478 661 1558 ἡλωκέναι
678 1478 733 1557 τὴν
754 1478 857 1556 πόλιν,
879 1479 914 1543 τδ
936 1478 962 1543 δ’
978 1479 1148 1558 Ὀλύμπιον
1168 1480 1285 1557 μέλλον
1302 1489 1384 1561 λαμ-

229 1582 337 1661 βάνειν
355 1583 410 1661 τὴν
432 1583 548 1663 ὀροφὴν
567 1583 588 1645 ά
609 1582 744 1661 πόλεμος
767 1581 929 1647 ἐκάλυσευ·
963 1580 1000 1661 ἑξ
1020 1584 1054 1647 οὑ
1075 1586 1129 1663 τῆς
1149 1585 1270 1652 πόλεως
1292 1611 1384 1650 κατα-

229 1684 399 1766 σκαφείσης
422 1686 563 1751 οὑδέποτε
585 1687 712 1766 ὕστερον
733 1687 866 1767 ίσχυσαν
881 1683 1109 1768 Ἀκραγαντῖνοι
1126 1686 1214 1753 τέλος
1234 1692 1385 1754 ἐπιθεῖναι

229 1793 292 1854 τοῖς
311 1787 556 1868 οίκοδομήμασιν.
601 1784 650 1875 (2)
672 1788 739 1852 ἐστι
761 1790 794 1851 δὲ
815 1789 831 1850 ὁ
851 1789 926 1855 νεὸς
947 1790 1028 1872 έχων
1049 1790 1084 1853 τὸ
1104 1792 1161 1868 μὲν
1177 1793 1272 1871 μῆκος
1285 1793 1385 1860 πόδας

229 1892 419 1973 τριακοσίους
447 1893 684 1974 τεσσαράκοντα,
715 1897 751 1955 τδ
780 1893 813 1955 δὲ
844 1892 960 1959 πλάτος
990 1891 1143 1972 ἑξήκοντα,
1173 1894 1208 1958 τὸ
1240 1897 1273 1959 δὲ
1302 1898 1385 1978 ύψος

230 1999 336 2060 ἑκατὸν
366 1995 463 2059 είκοσι
487 1993 581 2080 χωρίς
610 2001 662 2059 τοῦ
693 1995 927 2076 κρηπιδάματος.
971 1996 1117 2078 μέγιστος
1142 1996 1168 2061 δ’
1192 1996 1235 2063 δν
1259 2003 1320 2062 τῶν
1349 2001 1385 2064 ἐν

229 2099 354 2184 Σικελίᾳ
370 2100 418 2163 καὶ
438 2104 503 2166 τοῖς
525 2099 610 2166 ἐκτδς
630 2099 682 2161 οὑκ
704 2099 823 2180 ἀλόγως
845 2097 884 2162 δν
905 2099 1096 2181 ουγκρίνοιτο
1116 2101 1190 2164 κατὰ
1205 2108 1239 2164 τδ
1254 2103 1385 2185 μέγεθος

228 2207 282 2282 τῆς
296 2202 504 2269 ὑποστάσεως·
535 2201 657 2287 καὶγὰρ
676 2203 704 2267 εί
721 2202 763 2281 μη
785 2203 874 2268 τέλος
893 2207 1005 2282 λαβεῖν
1019 2203 1134 2285 συνέβη
1150 2205 1205 2286 τὴν
1220 2206 1384 2287 ἐπιβολήν,

229 2307 250 2385 ἥ
264 2331 299 2386 γε
314 2307 489 2387 προαίρεσις
507 2305 636 2388 ὑπάρχει
656 2304 784 2386 φανερά
827 2301 875 2391 (3)
897 2311 956 2370 τῶν
971 2305 997 2370 δ’
1012 2306 1118 2370 άλλαν
1132 2305 1151 2386 ἢ
1165 2307 1256 2392 μέχρι
1271 2310 1386 2394 τοίχων

228 2410 299 2475 τοὺς
316 2411 389 2475 νεὼς
406 2408 676 2488 οίκοδομούντωνῆ
698 2409 796 2493 κύκλιρ
820 2411 903 2473 κίοσι
925 2409 994 2476 τοὺς
1013 2410 1122 2488 αηκοὺς
1137 2415 1384 2493 περιλαμβανόν-

230 2538 298 2590 των,
325 2512 409 2577 οὑτος
438 2513 578 2591 ἑκατέρας
600 2514 713 2577 τούτων
735 2512 857 2594 μετέχει
878 2518 938 2578 τῶν
958 2514 1169 2581 ὑποστάσεων.
1213 2522 1384 2601 συνῳκοδο-

228 2620 338 2697 μαὺντο
354 2614 411 2697 γάρ
422 2619 484 2680 τοῖς
500 2615 615 2698 τοίχοις
631 2618 661 2680 οί
677 2622 784 2694 κίονες,
803 2615 915 2697 ἔξωθεν
928 2617 984 2695 μὲν
1000 2619 1190 2701 στρογγύλοι,
1206 2620 1281 2684 τὸδ’
1297 2622 1385 2688 ἐντὸς

229 2724 283 2782 τοῦ
298 2720 353 2783 νεὼ
373 2720 495 2802 ἔχοντες
511 2718 706 2801 τετράγωνον·
740 2717 788 2782 καὶ
811 2725 864 2782 τοῦ
885 2723 941 2798 μὲν
964 2723 1048 2788 ἐκτὸς
1062 2721 1169 2804 μέρους
1185 2721 1269 2789 ἐστὶν
1284 2724 1385 2790 αὑτῶν

228 2823 247 2902 ἡ
278 2823 456 2903 περιφέρεια
487 2828 587 2887 ποδῶν
617 2826 723 2901 είκοσι,
754 2823 819 2886 καθ’
845 2821 882 2902 δυ
912 2826 955 2891 είς
984 2829 1021 2889 τὰ
1051 2825 1236 2906 διαξύσματα
1260 2828 1385 2892 δύναται

230 2927 419 3008 ἀνθρώπινον
434 2927 652 3007 ἐναρμόζεσθαι
669 2934 765 3007 σῶμα,
783 2926 857 2990 τὸδ’
875 2926 959 2993 ἐντδς
975 2934 1075 2994 ποδῶν
1089 2930 1210 2995 δόδεκα
1255 2928 1304 3017 (4)
1322 2938 1385 2997 τῶν

230 3035 262 3094 δὲ
279 3036 377 3094 στοῶν
394 3031 429 3093 τὸ
448 3028 574 3112 μέγεθος
592 3031 643 3095 καὶ
662 3036 696 3092 τδ
716 3031 795 3111 ὑψος
814 3029 951 3111 ἐξαίσιον
966 3033 1111 3114 ἐχουσῶν,
1131 3037 1163 3098 ἐν
1179 3037 1235 3114 μὲν
1250 3037 1291 3121 τῶ
1308 3042 1385 3116 πρὸς

228 3134 268 3197 έω
282 3132 367 3214 μέρει
382 3134 437 3213 τὴν
457 3132 694 3216 γιγαντομαχίαν
717 3131 900 3212 ἐποιήσαντο
917 3140 1050 3216 γλυφαῖς
1072 3133 1120 3200 καὶ
1137 3138 1179 3222 τῶ
1194 3137 1317 3219 μεγέθει
1333 3142 1385 3204 καὶ

229 3239 271 3322 τῷ
299 3235 407 3300 κάλλει
431 3236 655 3318 διαφερούσαις,
681 3238 715 3301 ἐν
740 3237 773 3300 δὲ
799 3239 839 3321 τῷ
866 3244 940 3319 πρδς
967 3238 1082 3318 δυσμὰς
1106 3240 1161 3320 τὴν
1185 3241 1303 3307 άλωσιν
1329 3245 1383 3320 τῆς

229 3344 349 3422 Τροίας,
361 3345 394 3405 ἐν
409 3339 427 3429 ᾖ
444 3348 503 3405 τῶν
519 3341 624 3422 ἡρώων
640 3342 769 3404 ἑκαστον
785 3343 860 3406 ἰδεῖν
875 3344 960 3407 ἐστιν
975 3345 1090 3410 οἰκείως
1106 3348 1160 3424 τῆς
1175 3347 1384 3427 περιστάσεως

229 3445 525 3526 δεδημιουργημένον.
574 3442 623 3531 (5)
645 3443 682 3525 ἦν
709 3448 741 3507 δέ
769 3445 817 3507 καὶ
843 3448 935 3525 λίμνη
962 3445 1024 3509 κατ’
1051 3450 1167 3511 ἐκεῖνον
1193 3449 1246 3514 τὸν
1269 3452 1384 3532 χρόνον

230 3552 314 3614 ἐκτὸς
343 3553 397 3627 τῆς
423 3549 543 3614 πόλεως
568 3549 788 3632 χειροποίητος,
814 3548 930 3630 ἔχουσα
962 3550 1018 3628 τὴν
1046 3552 1222 3632 περίμετρον
1252 3555 1385 3617 σταδίων

229 3652 315 3731 ἑπτά,
330 3659 365 3717 τὸ
381 3655 413 3716 δὲ
427 3650 526 3733 βάθος
543 3655 640 3716 είκοσι
661 3658 776 3734 πηχῶν·
810 3654 853 3718 είς
873 3650 911 3730 ἣν
932 3652 1127 3734 ἐπαγομένων
1141 3654 1257 3720 ὑδάτων
1275 3658 1384 3735 ἐφιλο·

229 3756 382 3840 τέχνησαν
397 3758 513 3833 πλῆθος
530 3756 643 3839 ἰχθύων
661 3757 694 3818 ἐν
710 3755 783 3842 αὑτῇ
802 3758 929 3834 ποιῆσαι
946 3758 1096 3820 παντοίων
1111 3759 1153 3823 είς
1169 3756 1222 3824 τάς
1237 3763 1385 3840 δημοσίας

231 3857 393 3935 ἑστιάσεις,
408 3858 472 3934 μεθ’
489 3861 531 3924 ὦν
546 3857 757 3939 συνδιέτριβον
775 3859 876 3923 κύκνοι
899 3855 948 3922 καὶ
971 3865 1030 3924 τῶν
1045 3859 1150 3924 ἄλλων
1170 3861 1282 3941 ὀρνέων
1303 3864 1385 3926 πολὺ

229 3965 356 4042 πλῆθος,
379 3962 458 4026 ὥστε
480 3962 618 4041 μεγάλην
639 3963 750 4044 τέρψιν
772 3961 1010 4043 παρασκευάζειν
1031 3968 1094 4030 τοῖς
1118 3965 1287 4046 θεωμένοις.
1336 3965 1385 4054 (6)

229 4070 320 4143 δηλοῖ
337 4067 369 4128 δέ
389 4066 444 4145 τήν
464 4066 581 4148 τρυφὴν
599 4066 696 4129 αὑτῶν
720 4063 767 4129 καὶ
788 4065 806 4145 ἡ
828 4066 1012 4132 πολυτέλεια
1029 4075 1090 4131 τῶν
1104 4071 1265 4149 μνημείων,
1281 4070 1300 4133 ἃ
1315 4070 1384 4136 τινά

228 4171 284 4248 μὲν
313 4174 375 4232 τοῖς
406 4169 552 4246 ἀθληταῖς
581 4170 684 4234 ἵπποις
719 4169 952 4247 κατεσκεύασαν,
981 4174 1048 4235 τινὰ
1077 4175 1110 4235 δὲ
1139 4177 1203 4239 τοῖς
1235 4175 1293 4237 ὑπδ
1322 4181 1383 4239 τῶν

229 4270 386 4354 παρθένων
412 4268 461 4335 καὶ
484 4270 599 4336 παίδων
623 4273 656 4337 ἐν
679 4275 750 4358 οῖκιρ
776 4274 973 4355 τρεφομένοις
999 4274 1186 4356 ὀρνιθαρίοις,
1211 4276 1231 4339 δ
1253 4279 1382 4358 Τίμαιος

230 4373 391 4456 ἑωρακέναι
409 4372 488 4455 φησὶ
501 4375 591 4459 μέχρι
605 4381 657 4440 τοὺ
672 4376 737 4441 καθ’
756 4377 863 4443 ἑαυτὸν
875 4380 949 4455 βίου
964 4377 1153 4460 διαμένοντα.

274 4473 325 4544 Οἱ
339 4475 446 4543 above
460 4487 529 4544 115.
