3000 5046
231 382 292 442 294
467 361 637 423 SPARTA
664 361 759 421 AND
783 360 1130 421 PELoPONNESOS.
1237 367 1385 434 [oum

232 561 451 642 ἀποδειχθῆναι
466 555 757 636 πλησίονόλλήλων
769 555 926 638 ἱδρυμένας
937 556 969 621 έν
986 556 1148 621 ἐλάττοσιν
1163 554 1182 636 ἢ
1196 552 1387 635 πεντήκοντα

233 663 377 737 σταδίοις,
393 662 429 725 τό
444 686 476 726 τε
488 660 607 744 Ἀργος
623 659 743 727 καὶτὰς
758 659 912 740 Μυκήνας,
930 657 979 724 καὶ
994 666 1028 723 τδ
1043 656 1172 740 Ἡραῖον
1186 659 1263 724 εἶναι
1282 659 1387 724 κοινδν

233 770 314 852 ίερδν
338 772 372 830 τδ
395 771 470 848 πρὸς
493 769 558 831 ταῖς
577 763 732 843 Μυκήναις
755 764 894 845 ὀμφοῖν.
911 763 1081 846 ..χρόνοις
1103 762 1130 827 δ’
1149 764 1277 850 ὕστερον
1298 788 1384 827 κατε·

233 871 399 953 σκόφησαν
413 867 582 957 (Μυκῆναι)
596 869 645 933 ὑπ’
662 868 809 950 Ἀργείων
824 867 905 930 ὥστε
927 870 980 931 νῦν
998 864 1067 946 μήδ’
1087 866 1172 949 ἴχνος
1189 867 1386 949 εὑρίσκεσθαι

231 977 282 1054 τῆς
297 974 478 1054 Μυκηναίων
491 974 622 1041 πόλεως.

276 1123 332 1177 30.
350 1109 618 1176 Strab.viii.6.11
629 1107 682 1194 (37
685 1106 733 1196 3):
748 1106 936 1190 Ἦρήμωσαν
945 1110 978 1174 δέ
988 1107 1042 1174 τὰς
1051 1107 1198 1174 πλείστας
1209 1109 1238 1172 οἱ
1249 1107 1386 1190 Ἀργεῖοι

233 1216 425 1282 ἀπειθούσας.
453 1218 481 1280 οἱ
504 1213 530 1280 δ’
551 1212 704 1295 οἰκήτορες
723 1215 753 1277 οἱ
774 1215 830 1294 μὲν
847 1212 880 1276 έκ
899 1212 993 1296 (τῆς)
1010 1212 1156 1293 Τίρυνθος
1179 1212 1317 1290 ὀπῆλθον
1339 1213 1385 1278 είς

231 1317 470 1402 Ἐπίδαυρον,οί
484 1320 518 1383 δὲ
533 1318 590 1402 έ(κ
605 1319 659 1395 τῆς
675 1365 683 1381 .
700 1364 707 1380 .
724 1365 732 1381 .
748 1317 779 1403 .>
799 1320 842 1383 εἰς
857 1316 924 1384 τοὺς
939 1315 1054 1382 Ἀλιεῖς
1070 1315 1270 1398 καλουμένους
1286 1322 1373 1380 κ.τ.λ.

277 1466 326 1525 81.
350 1453 539 1542 Stephanus
559 1453 660 1541 Byz.:
682 1451 807 1531 Ἅλιεῖς,
822 1456 912 1528 πόλις
931 1453 1114 1537 Ἀργολικῆς
1136 1454 1385 1534 παραθαλασσία.

232 1560 267 1625 τδ
279 1558 397 1625 ἑθνικδν
416 1559 534 1639 ὁμοίως,
550 1558 589 1626 ὡς
604 1558 665 1623 ὀπδ
680 1563 733 1621 τοῦ
747 1557 889 1645 Ἀλιεός.
920 1557 1055 1638 Ἔφορος
1065 1554 1131 1643 (fr.
1143 1554 1199 1645 98)
1212 1558 1244 1621 έν
1253 1557 1296 1641 τῷ
1307 1556 1385 1642 έκτῳ

233 1665 280 1728 ὀτι
294 1663 450 1744 Τιρύνθιοί
470 1664 550 1728 εἰσιν
568 1662 649 1727 οὗτοι
674 1659 723 1725 καὶ
746 1660 964 1741 ἐξαναστάντες
986 1662 1186 1738 ἐβουλεύοντο
1206 1662 1300 1725 οίκεῖν
1317 1685 1387 1726 τινα

232 1768 327 1832 τόπον
342 1764 391 1830 καὶ
404 1765 526 1846 ἠρότων
541 1770 594 1830 τδν
615 1765 693 1830 θεόν.
740 1765 853 1848 ἔχρησε
874 1765 907 1830 δὲ
922 1766 1016 1832 οὕτως
1033 1770 1050 1800 “
1061 1765 1136 1829 ποῖ1
1153 1790 1189 1830 τυ
1208 1765 1317 1845 λαβὼν
1335 1761 1387 1830 καὶ

233 1875 286 1936 ποῖ
300 1896 336 1935 τυ
351 1868 463 1949 καθέξω
480 1871 529 1935 καὶ
550 1873 604 1935 ποῖ
622 1895 658 1935 τυ
678 1871 797 1948 οἴκησιν
818 1869 898 1952 έχων
917 1868 1007 1934 όλιέα
1024 1894 1056 1935 τε
1077 1867 1271 1949 κεκλῆσθαα”
1317 1867 1388 1933 ἐλέ-

234 1999 323 2058 γοντο
339 1974 365 2038 δ’
381 1975 473 2040 οὕτως
489 1976 539 2037 διδ
554 1973 588 2036 τό
603 1972 736 2040 πολλοὺς
757 1971 941 2054 Ἑρμιονέων
963 1971 1178 2053 ἅλιευομένους
1200 1971 1275 2036 κατὰ
1297 1976 1388 2036 τοῦτο

234 2083 269 2142 τὸ
283 2076 373 2159 μέρος
388 2079 482 2142 οἰκεῖν
497 2080 549 2156 τῆς
564 2078 674 2161 χώρας.

277 2180 327 2245 Os.
344 2180 426 2245 Hdt.
442 2180 501 2245 vii.
520 2196 591 2265 137.

732 2307 891 2376 Κίοοιιαί.

277 2458 331 2513 ³2.
353 2446 456 2511 Thue.
471 2468 503 2513 v.
520 2446 571 2529 67.
590 2466 631 2527 2;
660 2461 711 2530 72.
729 2467 771 2526 43
795 2461 846 2529 74.
861 2466 893 2531 3.

278 2557 329 2623 Of.
345 2558 453 2624 above
468 2567 537 2623 111.
553 2569 607 2636 94,
624 2570 679 2624 95.

772 2753 857 2812 min.

409 2882 543 2970 Ολωυμα
567 2883 607 2971 of
624 2883 856 2952 θυμαίόὀιιίίοιι
878 2884 952 2951 and
973 2883 1212 2970 ὀμωοόίσίυωου.

278 3030 329 3085 88.
354 3018 436 3085 Hdt.
452 3021 495 3086 ix
513 3038 564 3104 77.

279 3166 333 3221 ³4.
356 3156 460 3222 Arist.
475 3156 548 3223 Pol.
564 3157 635 3224 viii.
653 3155 712 3247 (v.)
729 3181 761 3224 v.
776 3157 838 3248 (6.)
857 3160 885 3225 8.
905 3162 987 3245 1306
1003 3180 1024 3225 ιι
1042 3180 1101 3229 12:
1133 3160 1339 3227 Κοτσλόονται
1355 3163 1390 3226 δὲ

236 3258 285 3324 καὶ
308 3261 381 3326 ὅταν
403 3262 437 3327 έν
459 3265 495 3350 τῇ
521 3262 685 3349 ὀλιγαρχίᾳ
710 3263 814 3345 ἑτέραν
844 3265 1025 3347 ὀλιγαρχίαν
1050 3267 1225 3345 ἐμποιῶσιν,
1249 3269 1337 3329 τοῦτο
1363 3263 1390 3330 δ’

236 3363 321 3430 ἔστιν
345 3365 419 3429 ὅταν
444 3370 497 3430 τοῦ
524 3372 637 3434 παντὸς
661 3368 880 3448 πολιτεύματος
906 3370 1012 3451 ὀλίγου
1039 3370 1125 3436 ὄντος
1155 3375 1215 3433 τῶν
1236 3372 1390 3451 μεγίστων

236 3467 339 3552 ὀρχῶν
359 3468 400 3548 μὴ
422 3468 592 3552 μετέχωσιν
612 3472 642 3535 οἱ
665 3471 767 3554 ὀλίγοι
785 3469 904 3551 πόντες,
921 3472 994 3554 ὀπερ
1013 3473 1047 3537 έν
1059 3470 1167 3537 Ἤλιδι
1183 3473 1298 3552 συνέβη
1314 3473 1391 3540 ποτέ

237 3570 304 3658 (τῆς
327 3572 483 3639 πολιτείας
504 3575 563 3656 γὰρ
585 3572 623 3638 δι’
642 3574 757 3656 ὀλίγων
779 3574 871 3653 οὔσης
892 3581 952 3641 τῶν
968 3577 1119 3657 γερόντων
1141 3575 1241 3658 ὀλίγοι
1263 3576 1390 3655 πόμπαν

237 3675 374 3758 ἐγίνοντο
403 3678 453 3739 διὰ
482 3675 518 3739 τδ
547 3676 662 3743 ὀιδίους
692 3677 770 3742 εἶναι
799 3675 977 3758 ἐνενήκοντα
1007 3679 1104 3756 ὄντας,
1130 3677 1185 3759 τὴν
1214 3679 1239 3744 δ’
1270 3680 1391 3762 αἵρεσιν

237 3778 470 3858 δυναστευτικὴν
486 3779 563 3844 εἶναι
580 3777 629 3844 καλ
645 3782 754 3863 ὁμοίαν
768 3779 806 3869 τῇ
820 3786 880 3846 τῶν
894 3784 928 3846 ἐν
943 3783 1144 3863 Λακεδαίμονι
1158 3779 1330 3870 γερόντων).

281 3925 335 3980 85.
357 3911 455 3980 Diod.
470 3915 517 3980 xi.
533 3929 597 3998 54:
623 3915 694 3982 Ἐπ’
716 3918 864 4000 ὀρχοντος
887 3914 913 3983 δ’
934 3917 1083 3998 Ἀθήνησι
1106 3917 1296 4002 Πραξιέργον
1317 3966 1326 3982 .
1349 3969 1358 3985 .
1382 3965 1391 3984 .

236 4015 358 4082 Ἠλεῖοι
379 4019 434 4099 μὲν
457 4021 582 4088 πλείους
605 4021 654 4086 καὶ
676 4024 783 4103 μικρὰς
805 4022 913 4090 πόλεις
936 4025 1087 4091 οίκοῦντες
1108 4024 1151 4090 είς
1169 4023 1242 4103 μίαν
1260 4025 1390 4109 συνῳκί-

238 4124 359 4202 σθησαν
372 4121 426 4202 τὴν
441 4122 665 4205 ὀνομαζομένην
675 4121 781 4191 Ἦλιν.

271 4276 443 4341 werham-

335 4353 917 4426 δίζητσΐτυλοβδνόξυυαδτοὶτυωοθίξω

334 4498 395 4555 δὴ
407 4516 439 4553 n
453 4497 501 4552 nb
516 4499 611 4567 οῐωησιν
627 4501 696 4566 έχων
711 4502 773 4566 ὀλιῆ
789 4521 818 4554 τι
835 4504 875 4570 (or
890 4503 955 4569 έχων
967 4503 1058 4572 ὀλιῆα)
1069 4505 1214 4569 κεκλῆσθαι.
1239 4504 1393 4572 (Μαίαιλιο.)
