3000 5046
203 384 265 446 234
621 367 952 428 erocnrrmcrr.
1230 371 1357 438 [carr

205 570 293 629 τοῦτο
308 570 415 645 λοιμὸς
430 566 535 632 αὐτοὺς
550 565 708 650 κατέσχεν.
747 569 817 630 θεοῦ
832 567 864 630 δὲ
880 563 1051 648 χρήσαντος
1066 565 1143 627 ἐπὰν
1154 559 1356 639 ἐξιλάσωνται

207 667 277 734 τοὺς
292 668 433 746 δαίμονας
448 673 501 732 τοῦ
517 668 700 746 Παυσανίου,
715 668 891 733 παύσασθαι
906 673 958 733 τὸν
970 667 1088 744 λοιμόν,
1101 663 1262 748 ἀνδριάντα
1277 661 1355 745 αὐτῷ

209 768 392 849 ἀνέστησαν,
409 768 457 835 καὶ
473 771 627 836 ἐπαύσατο
643 773 660 835 ὅ
675 771 790 853 λοιμός.

253 901 283 954 6.
306 889 403 955 Corn.
413 889 498 977 Nep.
511 891 615 957 Paua.
632 912 657 954 1.
671 911 710 977 3:
735 890 799 956 Sed
811 891 956 976 primum
972 889 1007 952 in
1019 910 1057 954 eo
1069 894 1120 953 est
1131 885 1357 973 reprehensus,

207 992 298 1078 quod
330 1015 371 1058 ex
404 994 527 1079 praeda
557 996 720 1082 tripodem
753 1016 889 1060 aureum
920 993 1058 1079 Delphis
1092 990 1256 1076 posuisset
1288 987 1357 1072 epi-

208 1104 389 1182 grammate
413 1098 582 1185 inscripto,
605 1101 642 1162 in
667 1121 732 1184 quo
756 1099 837 1164 haec
862 1108 933 1165 erat
957 1096 1140 1162 sententia:
1170 1114 1231 1159 suo
1254 1091 1358 1155 ductu

208 1200 367 1266 barbaros
393 1202 482 1286 apud
508 1201 659 1268 Plataeas
685 1224 755 1268 esse
782 1202 906 1268 deletos
932 1202 1067 1286 eiusque
1096 1198 1256 1263 victoriae
1280 1215 1358 1280 ergo

208 1302 360 1389 Apollini
389 1305 429 1369 id
461 1306 584 1371 donum
614 1306 753 1372 dedisse.
798 1305 847 1393 (4)
875 1306 935 1370 hos
961 1326 1077 1369 versus
1105 1297 1359 1367 Lacedaemonii

208 1407 463 1494 exsculpserunt
487 1431 593 1495 neque
618 1410 711 1476 aliud
736 1411 938 1497 scripserunt
960 1430 1058 1494 qnam
1085 1405 1223 1472 nomina
1245 1424 1359 1468 earum

210 1510 395 1588 civitatum,
411 1534 551 1598 quarum
567 1513 695 1579 auxilio
710 1515 827 1580 Persae
843 1519 937 1579 erant
952 1512 1044 1578 victi.

256 1633 285 1678 2.
308 1615 387 1681 Post
402 1616 437 1681 id
452 1617 611 1703 proelium
624 1618 762 1684 eundem
775 1618 970 1683 Pausaniam
988 1638 1062 1682 cum
1074 1614 1176 1680 classe
1191 1609 1360 1678 communi

212 1716 361 1817 Cyprum
384 1726 485 1806 atque
506 1720 761 1808 Hellespontum
784 1724 955 1798 miserunt,
978 1727 1016 1784 ut
1040 1741 1082 1784 ex
1105 1718 1147 1783 iis
1170 1714 1359 1802 regionibus

211 1822 427 1888 barbarorum
448 1825 612 1910 praesidia
633 1826 819 1911 depelleret.
865 1824 912 1912 (2)
935 1825 1006 1911 pari
1028 1821 1185 1888 felicitate
1206 1819 1243 1884 in
1265 1840 1305 1883 ea
1325 1840 1361 1882 re

212 1947 292 1991 usus
310 1927 431 1992 elatius
453 1950 488 1993 se
509 1951 620 2015 gerere
643 1931 754 2016 coepit
775 1930 978 2015 maioresque
1000 1934 1153 2012 appetere
1176 1945 1237 1989 res.
1280 1944 1360 1986 nam

212 2052 286 2095 cum
306 2029 470 2117 Byzantio
485 2042 674 2120 expugnata
690 2035 831 2120 cepisset
844 2032 1028 2119 complures
1041 2031 1215 2096 Persarum
1230 2026 1360 2092 nobiles

212 2141 313 2220 atque
343 2135 379 2199 in
409 2136 456 2201 eie
487 2137 665 2202 nonnullos
698 2139 784 2222 mgis
815 2138 1027 2223 propinquos,
1053 2134 1113 2199 hos
1141 2132 1226 2197 clam
1255 2130 1361 2194 Xerxi

213 2239 349 2314 remisit,
379 2239 541 2304 simulans
570 2262 611 2306 ex
641 2241 761 2306 vinclis
790 2240 934 2327 publicis
963 2237 1125 2323 effugisse,
1151 2242 1185 2300 et
1213 2255 1287 2299 cum
1319 2233 1361 2296 iis

215 2341 406 2428 Gongylum
428 2343 659 2422 Eretriensem,
679 2345 737 2430 qui
760 2345 888 2410 litteras
910 2343 978 2428 regi
1000 2340 1160 2418 redderet,
1181 2338 1217 2402 in
1238 2336 1362 2423 quibus

213 2445 296 2511 haec
310 2446 411 2511 fuisse
426 2447 550 2533 scripta
565 2447 775 2534 Thucydides
790 2446 965 2513 memoriae
979 2444 1143 2532 prodidit:
1159 2440 1206 2528 (3)
1222 2441 1362 2505 ‘Pausa-

213 2549 298 2625 nias,
310 2549 378 2613 dux
392 2549 541 2635 Spartae,
552 2574 634 2637 quos
647 2552 801 2638 Byzantii
817 2556 957 2636 ceperat,
967 2556 1143 2636 postquam
1158 2545 1362 2633 propinquos

214 2661 290 2718 tuoe
302 2654 465 2740 cognovit,
476 2655 540 2720 tibi
556 2657 683 2721 muneri
696 2656 786 2720 misit
800 2677 897 2741 seque
910 2662 1018 2719 tecum
1033 2651 1194 2716 affinitate
1206 2648 1363 2734 coniungi

214 2757 323 2842 cupit:
357 2779 468 2842 quare,
490 2758 519 2823 si
549 2760 613 2825 tibi
640 2760 781 2835 videtur,
804 2759 861 2824 des
892 2758 922 2823 ei
952 2757 1055 2821 filiam
1084 2763 1177 2820 tuam
1207 2760 1362 2839 nuptum.

215 2859 261 2948 (4)
284 2859 319 2924 id
342 2861 370 2924 si
393 2861 519 2940 feceris,
539 2870 573 2928 et
595 2863 749 2950 Spartam
772 2870 806 2928 et
828 2869 968 2928 ceteram
992 2860 1164 2924 Graeciam
1186 2857 1249 2922 sub
1271 2864 1363 2922 tuam

215 2970 413 3050 potestatem
442 2988 476 3031 se
505 2967 686 3032 adiuvante
716 2973 745 3032 te
774 2967 984 3032 redacturum
1012 2963 1195 3050 pollicetur.
1239 2961 1292 3025 his
1324 2962 1364 3027 de

215 3067 313 3132 rebus
334 3069 362 3132 si
383 3069 464 3154 quid
484 3092 579 3156 agere
596 3071 749 3147 volueris,
765 3076 890 3136 eertum
911 3069 1077 3134 hominem
1096 3065 1229 3131 adeum
1247 3065 1364 3130 mittes

216 3172 295 3247 face,
311 3193 385 3236 cum
406 3194 473 3257 quo
491 3174 715 3260 colloquatur!
762 3173 810 3262 (5)
829 3197 887 3239 rex
905 3180 958 3237 tot
977 3172 1149 3236 hominum
1170 3169 1276 3234 salute
1294 3175 1365 3235 tam

216 3275 280 3340 sibi
295 3277 548 3343 necessariorum
562 3301 683 3366 magno
695 3301 791 3365 opere
806 3278 941 3365 gavisus
952 3274 1124 3341 confestim
1135 3296 1210 3339 cum
1223 3272 1366 3359 epistula

216 3380 419 3444 Artabazum
445 3381 488 3446 ad
513 3382 711 3448 Pausaniam
738 3383 851 3457 mittit,
876 3383 911 3446 in
939 3402 1006 3466 qua
1030 3401 1105 3444 eum
1132 3377 1301 3442 collaudat
1326 3398 1365 3441 οο

217 3482 310 3570 petit,
325 3506 366 3549 ne
382 3484 437 3549 cui
456 3486 505 3550 rei
525 3492 639 3572 parcat
658 3487 700 3552 ad
721 3507 761 3551 ea
780 3485 959 3561 efficienda,
980 3504 1064 3568 quae
1084 3481 1309 3567 polliceretur:
1337 3482 1366 3545 si

216 3584 398 3672 perfecerit,
429 3589 556 3655 nullius
587 3590 635 3655 rei
668 3611 689 3655 a
721 3610 756 3654 se
788 3589 953 3674 repulsam
986 3587 1142 3651 laturum.
1187 3581 1234 3670 (ὁ)
1266 3583 1367 3648 huius

218 3691 398 3757 Pausanias
414 3692 588 3759 voluntate
607 3694 740 3779 cognita
758 3693 899 3757 alacrior
918 3691 961 3756 ad
978 3712 1047 3756 rem
1067 3689 1244 3775 gerendam
1260 3687 1367 3753 factus

217 3796 254 3859 in
272 3795 488 3882 suspicionem
510 3797 631 3862 cecidit
651 3796 992 3860 Lacedaemoniorum.
1037 3815 1102 3878 quo
1125 3792 1213 3856 facto
1231 3791 1367 3855 domum

218 3908 401 3976 revocatus,
441 3908 615 3965 accusatus
658 3900 777 3986 capitis
816 3899 1012 3975 absolvitur,
1053 3897 1216 3960 multatur
1255 3901 1368 3960 tamen

219 4002 367 4086 pecunia,
384 4024 484 4088 quam
500 4003 542 4068 ob
558 4025 691 4068 causam
710 4004 753 4067 ad
768 4002 903 4069 classem
919 4003 1074 4066 remissus
1092 4022 1160 4065 non
1178 4007 1237 4064 est.

264 4125 294 4189 3.
316 4106 364 4169 At
384 4105 442 4170 ille
460 4114 536 4193 post
550 4128 615 4172 non
633 4107 738 4172 multo
757 4128 818 4172 sua
832 4114 950 4192 sponte
965 4106 1007 4171 ad
1023 4105 1204 4170 exercitum
1222 4100 1321 4167 rediit
1335 4107 1369 4167 et

218 4209 266 4272 ibi
290 4230 358 4273 non
381 4209 511 4285 stolida,
532 4211 588 4274 sed
611 4210 755 4276 dementi
777 4211 906 4276 ratione
929 4209 1074 4295 cogitata
1096 4206 1271 4294 patefecit:
1301 4226 1369 4270 non

220 4311 309 4375 enim
338 4334 444 4377 mores
473 4314 599 4399 patrios
628 4314 744 4392 solum,
770 4314 826 4379 sed
855 4314 956 4378 etiam
987 4313 1113 4377 cultum
1144 4311 1368 4394 vestitumque

221 4415 375 4480 mutavit.
412 4413 461 4503 (a)
475 4426 637 4504 apparatu
653 4419 742 4504 regio
759 4419 923 4495 utebatur,
939 4424 1028 4482 veste
1044 4416 1188 4492 Medica;
1209 4412 1369 4478 satellites

112 4566 115 4571 -
221 4517 310 4584 Medi
338 4526 374 4586 et
398 4521 559 4608 Aegyptii
583 4522 826 4610 sequebantur3
856 4520 1053 4607 epulabatur
1079 4540 1168 4585 more
1194 4518 1369 4582 Persarum
