3000 5046
175 331 233 374 110
388 314 619 372 EXTERNAL
644 314 843 373 HISTORY
866 314 924 372 OF
944 314 1128 388 ATHENS,
1192 329 1328 394 [mmm.

172 510 306 575 ἐπίνειον
329 515 390 574 τῶν
413 511 664 589 Λακεδαιμονίων,
679 510 903 594 χειρωσάμενος
923 514 957 575 δέ
976 509 1024 576 καὶ
1039 512 1149 591 ταύτην
1163 513 1219 592 τὴν
1233 514 1330 580 πόλιν

174 611 222 677 καὶ
245 616 283 677 τὰ
305 615 412 696 νεώρια
436 618 495 677 τῶυ
518 615 763 693 Λακεδαιμονίων
788 612 953 695 ἐμπρήσας,
976 616 1033 694 τὴν
1056 617 1158 700 χώραν
1182 615 1328 703 ἐδῄωσεν.

171 714 219 804 (7)
243 721 357 782 ἐκεῖθεν
382 719 415 781 δέ
442 713 584 801 θναχθεὶς
608 717 740 782 ἔπλευσε
766 720 819 794 τῆς
846 719 1063 799 Κεφαλληνίας
1089 722 1132 785 εἰς
1162 719 1328 786 Ζάκυνθον·

172 821 282 899 ταύτην
303 826 336 886 δέ
358 819 583 904 χειρωσάμενος
610 819 659 884 καὶ
682 820 783 888 πάσας
810 824 865 888 πδς
887 824 920 886 ἐν
943 821 980 910 τῇ
995 824 1197 908 Κεφαλληνίᾳ
1220 825 1329 890 πόλεις

172 925 448 1008 προσαγαγόμενος,
464 926 507 990 είς
527 930 563 988 τδ
584 922 675 1007 πέραν
691 923 852 989 διέπλευσε
869 923 918 990 καὶ
933 928 1060 1008 κατῆρεν
1074 928 1118 993 εἰς
1134 927 1328 991 Ναύπακτον.

173 1029 282 1109 ὁμοίως
313 1029 345 1092 δέ
377 1024 425 1092 καὶ
455 1028 564 1106 ταύτην
597 1027 634 1107 ἐξ
661 1029 774 1108 ἐφόδου
803 1028 921 1108 λαβών,
952 1026 1118 1114 κατφκισεν
1148 1033 1192 1098 είς
1218 1031 1329 1110 ταύτην

173 1135 359 1211 Μεσσηνίων
383 1132 451 1198 τοὺς
476 1131 651 1210 ἐπισήμους,
670 1133 878 1198 ὑποσπόνδους
901 1134 960 1196 ύπδ
983 1135 1229 1214 Λακεδαιμονίων
1252 1135 1329 1216 ἀφε-

173 1236 289 1303 θέντας·
323 1232 371 1323 (8)
394 1236 470 1300 κατὰ
485 1235 542 1318 γὰρ
563 1241 615 1300 τδν
635 1236 725 1299 αὐτὸν
740 1237 852 1319 χρόνον
873 1238 902 1300 οί
924 1238 1155 1318 Λακεδαιμόνιοι
1171 1244 1246 1320 πρὸς
1260 1238 1330 1306 τοὺς

173 1342 310 1406 Εἴλωτας
327 1341 376 1403 καὶ
392 1342 588 1417 Μεσσηνίους
606 1341 851 1420 πεπολεμηκότες
863 1339 912 1404 ἐπὶ
923 1340 1030 1419 πλέον,
1042 1341 1112 1405 τότε
1125 1341 1329 1422 κρατήσαντες

172 1442 349 1526 ἀμφοτέρων
365 1442 433 1510 τοὺς
448 1445 503 1523 μὲν
519 1441 554 1522 ἐξ
567 1443 694 1524 Ἰθώμης
709 1445 919 1511 ὑποσπόνδους
931 1445 1060 1525 ἀφῆκαν,
1073 1446 1178 1510 καθότι
1189 1447 1327 1527 προείρη-

172 1575 230 1625 ται,
245 1554 304 1612 τῶν
319 1546 345 1611 δ’
363 1547 508 1611 Εἱλώτων
527 1547 597 1614 τοὺς
617 1549 731 1615 αἰτίους
753 1550 806 1626 τῆς
829 1545 1029 1616 θποοτόσεως
1052 1549 1236 1617 κολθσαντες
1258 1551 1329 1616 τοὺς

174 1654 288 1718 ἄλλους
303 1652 578 1716 κατεδουλώσαντο.

219 1755 307 1820 Plut.
323 1755 399 1819 Per.
418 1754 467 1818 18.
514 1752 576 1820 See
592 1752 700 1819 below
715 1765 788 1820 196.

215 1880 282 1934 116.
306 1867 424 1934 Aesch.
447 1887 465 1932 2
486 1867 527 1931 de
539 1865 622 1950 fals.
641 1864 700 1950 loy.
724 1881 785 1949 75:
815 1867 895 1950 Ἐγὼ
918 1871 951 1933 δὲ
974 1867 1115 1933 ἀπόντων
1135 1871 1192 1949 μέν
1213 1867 1328 1935 τούτων

173 1974 252 2056 έφην
277 1979 339 2038 δεῖν
363 1975 534 2053 μεμνῆσθαι
551 2020 558 2034 .
576 2019 583 2034 .
601 2021 607 2036 .
624 1973 679 2051 τήν
693 1975 848 2052 Τολμίδου
863 1972 971 2050 ζηλοῦν
987 1972 1171 2054 στρατηγίαν
1186 1972 1326 2051 κελεύων,

172 2076 205 2143 δς
230 2080 350 2161 χιλίους
380 2075 555 2142 ἐπιλέκτους
588 2076 667 2158 ἔχων
698 2073 868 2154 Ἀθηναίων
889 2073 940 2139 διὰ
964 2075 1060 2154 μέσης
1086 2074 1327 2156 Πελοποννήσου

172 2183 321 2261 πολεμίας
337 2180 429 2260 οὔσης
445 2181 539 2246 δδεθς
555 2177 675 2265 διεξῄει.

215 2312 280 2368 117.
304 2300 410 2366 schol
424 2301 459 2363 in
471 2298 588 2364 Aesch.
603 2318 621 2364 2
637 2299 678 2364 de
686 2297 768 2384 fale.
780 2297 839 2383 θορ.
852 2297 902 2380 78,
913 2297 1014 2364 Dind.
1028 2322 1059 2386 p.
1069 2315 1129 2383 55:
1151 2299 1325 2385 Τολμιδου]·

171 2406 258 2473 οὗτος
267 2405 472 2487 περιπλεύσας
482 2405 725 2482 Πελοπόννησον
733 2403 796 2483 μετ’
809 2403 978 2482 ’Λθηυαίων
989 2403 1172 2483 ηὐδοκίμησε
1180 2410 1327 2486 λαμπρῶς

171 2511 220 2574 καὶ
238 2509 328 2576 Βοιὰς
345 2509 394 2573 καὶ
416 2509 536 2590 Κύθηρα
560 2509 643 2572 εῐλευ
663 2507 810 2591 ἄρχοντος
824 2505 972 2586 Ἀθήνησι
989 2509 1133 2571 Καλλίου.
1180 2506 1327 2589 ἐνέπρησε

171 2616 204 2678 δέ
219 2616 236 2678 δ
250 2615 404 2694 Τολμίδης
421 2614 469 2676 καὶ
484 2609 521 2674 τὰ
537 2611 646 2692 νεώρια
661 2613 915 2691 Λακεδαιμονίων.

214 2745 282 2798 118.
307 2733 402 2798 Pan&
417 2731 440 2796 i.
458 2749 509 2814 27.
526 2747 565 2815 5:
597 2729 669 2797 Ἐπὶ
691 2736 722 2796 δέ
746 2736 799 2795 τοῦ
823 2731 942 2813 βόθρου
966 2732 1016 2795 καὶ
1038 2730 1212 2813 θνδριόντες
1236 2733 1326 2811 εἰσίν,

171 2864 256 2906 εντος
283 2838 315 2904 δς
342 2838 518 2912 ἐμαντεύετο
546 2839 693 2922 Τολμίδῃ,
720 2834 768 2900 καὶ
796 2835 884 2902 αύτδς
909 2836 1073 2913 Τολμίδης,
1096 2834 1130 2901 δς
1157 2834 1326 2912 Ἀθηναίων

169 2940 277 3006 ναυσὶν
291 2940 456 3024 ήγούμενος
470 2939 584 3007 ἄλλους
600 2965 633 3004 τε
655 2939 791 3005 ἐκάκωσε
807 2939 855 3003 καὶ
871 2940 1131 3017 Πελοποννησίων
1145 2938 1200 3018 τὴν
1214 2939 1325 3022 χώραν,

170 3047 240 3108 ὅσοι
255 3045 394 3126 νέμονται
409 3044 463 3122 τὴν
485 3045 647 3124 παραλίαν,
663 3047 712 3109 καὶ
727 3043 972 3122 Λακεδαιμονίων
987 3044 1036 3107 ἐπὶ
1052 3045 1148 3128 Γυθίῳ
1164 3043 1202 3108 τὰ
1217 3044 1325 3125 νεώρια

171 3149 328 3232 ἐνέπρησε,
345 3147 392 3212 καὶ
412 3154 472 3211 τῶν
493 3148 652 3230 περιοίκων
673 3146 763 3215 Βοιὰς
781 3149 845 3211 εἷλε
863 3145 911 3210 καὶ
925 3143 980 3224 τὴν
997 3147 1153 3229 Κυθηρίων
1173 3148 1279 3225 νῆσον,
1295 3148 1325 3214 ἐς

169 3256 203 3317 δέ
219 3254 273 3332 τήν
296 3252 460 3316 Σικυωνίαν
481 3249 686 3330 ποιησόμενος
709 3253 876 3332 ἀπόβασιν,
892 3252 933 3317 ώς
956 3252 985 3313 οί
1005 3254 1126 3337 δῃοῦντι
1146 3249 1201 3329 τήν
1221 3251 1279 3333 γῆν
1294 3251 1325 3318 ἐς

169 3356 273 3442 μώχην
289 3359 489 3434 κατέστησαν,
504 3353 694 3436 τρεψόμενος
710 3359 793 3435 σφᾶς
810 3353 969 3433 κατεδίωξε
985 3360 1058 3436 πρὸς
1073 3353 1128 3433 τήν
1142 3354 1243 3419 πόλιν.

213 3481 282 3535 119.
306 3466 453 3533 Aristod.
468 3487 524 3529 xv.
540 3462 592 3553 (F.
609 3466 653 3533 H.
675 3465 712 3531 G.
734 3487 765 3529 v.
781 3488 812 3553 p.
837 3464 910 3552 17):
943 3467 1001 3530 Καὶ
1022 3467 1098 3544 μετὰ
1121 3471 1213 3529 ταῦτα
1237 3453 1324 3534 εὐθὺς

168 3574 324 3654 Ἀθηναῖοι
351 3571 608 3652 περιπλεύσαντες
638 3568 693 3650 τὴν
717 3572 959 3650 Πελοπόννησον
988 3570 1112 3634 Γύθειον
1143 3571 1236 3633 εἶλον·
1274 3571 1324 3634 καὶ

168 3679 323 3758 Τολμίδης
337 3678 455 3761 χιλίους
470 3674 550 3757 ἐχων
565 3672 742 3753 Ἀθηναίους
762 3673 939 3741 ἐπιλέκτους
958 3676 1064 3752 διῆλθε
1084 3673 1141 3753 τὴν
1164 3674 1324 3738 Πελοπόν-

169 3808 272 3862 νησου.

264 3908 365 3974 Later
382 3906 607 3993 Εαροώίίίοηο
621 3906 703 3972 with
718 3905 824 3971 which
843 3905 914 3972 that
928 3906 966 3990 of
978 3904 1144 3972 Tolmides
1157 3926 1228 3970 τινας

660 4009 827 4093 confused.

212 4154 286 4208 120.
309 4141 410 4206 Thuc.
427 4140 472 4204 iv.
488 4159 539 4225 53,
555 4154 607 4221 54.
652 4140 858 4227 Expedition
873 4138 910 4203 of
921 4138 954 4202 Ν
957 4139 1046 4203 ikias
1062 4138 1098 4202 in
1112 4156 1179 4216 424
1194 4155 1255 4204 αα.

211 4246 265 4311 Id.
282 4268 314 4310 v.
331 4260 383 4326 52.
402 4263 430 4311 ν.
476 4244 680 4328 Expedition
695 4243 732 4308 of
743 4241 941 4308 Alkibiades
956 4242 993 4306 in
1008 4262 1073 4326 419
1090 4259 1120 4306 Β.
1128 4257 1156 4307 0.

212 4351 297 4415 Xen.
313 4347 442 4415 Hellen.
459 4347 504 4412 vi.
523 4367 551 4412 2.
567 4367 619 4433 33.
666 4345 868 4433 Expedition
883 4344 921 4411 of
932 4345 1133 4432 Iphikrates.

211 4452 309 4521 Diod.
325 4474 382 4517 xv.
399 4453 449 4536 36.
465 4464 495 4534 5.
539 4450 743 4536 Expedition
758 4450 795 4516 of
807 4449 1007 4517 Timotheos.
