3000 5046
153 347 266 412 σπου]
570 346 902 408 BIOGRAPHICAL.
1246 354 1304 415 261

153 542 279 622 πρῶτων
300 546 333 607 ε“ν
355 544 393 631 τῇ
412 547 510 622 πόλει,
529 548 564 610 οῦ
584 548 679 630 μόνον
701 549 813 628 άφείθη
832 553 884 626 τῆς
907 551 1021 628 ζημίας,
1040 552 1123 621 ἀλλὰ
1143 548 1191 615 καὶ
1211 552 1304 618 πάλιν

152 645 254 727 ἄρχων
270 645 319 710 ἐπὶ
334 648 389 727 τὴν
405 649 497 728 αύτῖην
512 650 660 730 διοίκησιν
675 653 851 736 άπεδείχθη.

196 775 244 829 61.
268 765 355 831 Plut.
372 767 478 832 Ανῖιςί.
494 790 519 832 ο.
531 769 602 834 Oat.
616 791 721 855 comp.
738 789 751 833 1
768 796 775 836 :
800 775 1006 853 Θεμιστοκλεῖ
1025 772 1092 854 μήτ’
1116 775 1176 839 άπδ
1197 775 1305 859 γένους

152 870 280 954 λαμπρῷ
294 869 342 934 καί
362 874 531 956 κεκτημένῳ
549 873 651 955 μίτρια
669 871 773 960 (πέντε
790 874 848 957 γὰρ
869 873 888 954 ἢ
910 884 1000 958 τριῶν
1020 877 1177 943 ταλάντων
1195 880 1303 946 οῦσίον

151 973 231 1058 αὐτῷ
243 973 387 1055 γενέσθαι
403 976 548 1058 λέγουσιν
562 979 613 1044 ὅτε
629 986 748 1061 πρῶτον
763 980 875 1058 ἥπτετο
890 984 943 1060 τῆς
959 981 1128 1068 πολιτείας)
1144 990 1231 1048 κ.τ.λ.

195 1104 250 1158 62.
273 1092 329 1158 Id.
355 1093 465 1160 lem.
491 1112 532 1180 5:
557 1098 705 1164 Σύντονον
732 1100 764 1164 δέ
791 1101 880 1164 αὐτὸν
905 1101 1064 1183 γεγονέναι
1092 1104 1301 1185 χρηματιστὴν

150 1197 180 1261 οῖ
198 1197 252 1278 μίν
275 1199 353 1266 τινές
376 1207 455 1281 φασι
478 1202 514 1266 δι’
535 1204 773 1285 ἐλευθεριότητα·
806 1201 855 1268 καί
883 1204 940 1286 γὰρ
962 1205 1131 1286 φιλοθύτην
1153 1208 1225 1272 όντα
1253 1205 1302 1273 καί

149 1302 289 1384 λαμπρὸν
304 1304 336 1367 ἐν
351 1309 415 1370 τοῖς
431 1303 497 1384 περὶ
512 1305 580 1372 τοῦς
595 1305 697 1385 ξένους
709 1305 855 1375 δαπάναις
867 1309 1004 1390 άφθόνου
1014 1314 1134 1376 δεῖσθαι
1145 1313 1300 1395 χορηγίας·

150 1407 179 1468 οῖ
195 1409 226 1469 δὲ
240 1407 415 1472 τούναντίον
431 1410 640 1493 γλισχρότητα
660 1413 780 1488 πολλὴν
803 1409 851 1476 καί
873 1415 1072 1497 μικρολογίαν
1090 1420 1299 1498 κατηγοροῦσι,

150 1508 188 1575 ὡς
205 1507 253 1573 καί
269 1508 306 1574 τὰ
322 1512 496 1592 πεμπόμενα
511 1520 571 1577 τῶν
587 1515 740 1596 ἐδωδίμων
755 1520 936 1583 πωλοῦντος.

622 1797 820 1856 Aristeidos.

468 1952 518 2018 Aa
539 1974 562 2016 a
583 1952 783 2018 άουιοοταίία
807 1952 975 2038 refomer.

191 2036 251 2104 See
266 2047 307 2102 V.
325 2046 397 2105 61ῐ.

623 2168 691 2234 Ηία
711 2168 818 2234 death.

190 2317 244 2370 63.
267 2305 353 2371 Plut.
366 2304 473 2371 Arist.
487 2307 527 2371 26
542 2330 549 2370 :
572 2308 761 2384 Τελευτῆσαι
777 2308 812 2384 δὲΙ
825 2303 1014 2387 Ἀριστείδην
1030 2309 1059 2371 οῖ
1073 2308 1129 2389 μέν
1144 2310 1177 2373 ἐν
1186 2312 1295 2396 Πόντιρ

147 2409 244 2491 φασὶν
261 2411 469 2475 ἐκπλεύσαντα
487 2408 624 2490 πράξεων
647 2409 736 2474 ἕνεκα
758 2411 921 2491 δημοσίων,
942 2413 972 2475 οῖ
994 2409 1020 2476 δ’
1035 2409 1183 2491 Ἀθήνησι
1206 2411 1295 2498 γήρᾳ,

145 2516 313 2593 τιμώμενον
343 2512 391 2579 καί
421 2514 645 2595 θαυμαζόμενον
674 2514 733 2577 ῦπδ
761 2520 823 2578 τῶν
853 2520 995 2578 πολιτῶν.
1052 2519 1201 2596 Κρατερός
1230 2516 1296 2581 δ’ὁ

147 2620 295 2682 Μακεδὼν
317 2617 439 2682 τοιαῦτά
460 2644 526 2681 τινα
549 2615 617 2699 περί
640 2619 691 2694 τῆς
713 2619 853 2695 τελευτῆς
870 2623 924 2682 τοῦ
945 2620 1050 2698 ἀνδρὸς
1070 2620 1175 2701 εἴρηκε.
1220 2624 1296 2701 μετὰ

146 2724 203 2802 γὰρ
226 2721 281 2801 τὴν
297 2722 538 2803 Θεμιστοκλέους
560 2718 660 2801 φυγήν
681 2729 777 2802 φησιν
796 2723 899 2802 ῶσπερ
916 2722 1119 2804 ἐξυβρίσαντα
1133 2724 1186 2788 τὸν
1200 2727 1296 2803 δῆμον

145 2827 301 2907 ἀναφῦσαι
323 2827 437 2902 πλῆθος
460 2832 668 2908 συκοφαντῶν,
690 2826 718 2890 οδ
740 2826 809 2893 τοῦς
835 2828 973 2908 άρίστους
1001 2825 1049 2891 καί
1075 2823 1295 2896 δυνατωτάτους

144 2930 253 3011 ἄνδρας
283 2930 438 2996 διόκοντες
464 2932 642 3008 ὑπέβαλλον
667 2931 709 3015 τῷ
733 2931 837 3015 φθόνῳ
860 2936 921 2995 τῶν
943 2938 1071 2997 πολλῶν
1093 2932 1294 3013 ἐπαιρομένων

143 3033 194 3098 ὑπ’
209 3035 344 3117 εὐτυχίας
361 3031 408 3098 καὶ
424 3033 584 3114 δυνάμεως.
621 3035 653 3098 ἐν
668 3035 783 3100 τούτοις
799 3032 848 3098 καῖ
863 3035 1053 3118 Ἀριστείδην
1069 3037 1184 3100 ἁλῶναι
1199 3042 1293 3119 δωρο-

143 3139 255 3216 δοκίας,
273 3137 449 3220 Διοφάντου
471 3143 523 3201 τοῦ
545 3138 789 3220 Ἀμφιτροπῆθεν
814 3143 1056 3221 κατηγοροῦντας,
1081 3139 1129 3219 ὡς,
1152 3141 1202 3206 ὅτε
1224 3142 1293 3208 τοῦς

143 3244 253 3324 φόρους
269 3243 382 3319 ἔταττε,
397 3242 479 3321 παρὰ
499 3249 559 3306 τῶν
574 3241 683 3305 Ἰάνων
705 3240 844 3325 χρήματα
865 3243 1030 3322 λαβόντος·
1062 3245 1179 3308 ἐκτῖσαι
1202 3243 1227 3306 δ’
1242 3245 1293 3310 οῦκ

143 3345 254 3428 έχοντα
276 3346 331 3424 τὴν
354 3345 512 3422 καταδίκην
535 3343 719 3423 πεντήκοντα
740 3353 824 3426 μνῶν
847 3346 942 3410 οὖσαν
965 3348 1131 3412 ἐκπλεῦσαι
1155 3344 1293 3429 καὶπερὶ

142 3449 197 3527 τὴν
226 3446 345 3512 Ἰωνίαν
371 3450 542 3512 ἀποθανεῖν.
594 3448 708 3512 τούτων
737 3450 771 3512 δέ
799 3450 885 3513 οῦδέν
916 3451 1070 3533 ἔγγραφον
1098 3454 1114 3515 ό
1142 3454 1292 3534 Κρατερὸς

141 3551 299 3631 τεκμήριον
329 3550 530 3634 παρέσχηκεν,
561 3550 629 3615 ούτε
659 3552 742 3630 δίκην
768 3551 837 3617 αύτε
862 3551 1020 3634 ψήφισμα,
1047 3555 1153 3634 καίπερ
1180 3556 1292 3623 εἰωθὸς

142 3657 278 3722 ἐπιεικῶς
293 3655 422 3737 γράφειν
437 3657 475 3718 τδ
489 3659 611 3719 τοάῦτα
626 3651 674 3718 καί
690 3657 910 3735 παρατίθεσθαι
930 3656 997 3723 τοῦς
1016 3659 1215 3738 ἱστοροῦντας.
1261 3661 1290 3721 οῖ

141 3759 167 3825 δ’
182 3760 273 3823 ἄλλοι
296 3758 413 3837 πάντες,
436 3758 476 3824 ὧς
498 3759 570 3824 ἔπος
593 3761 697 3834 εἰπεῖν,
721 3760 790 3822 ὅσοι
814 3758 852 3823 τὰ
874 3761 1127 3840 πλημμεληθέντα
1148 3761 1291 3849 τῷδήμῳ

140 3861 209 3944 περὶ
232 3864 300 3930 τοῦς
323 3862 509 3945 στρατηγοὺς
532 3861 672 3941 διεξίασι,
695 3863 751 3941 τὴν
770 3864 826 3943 μέν
849 3865 1096 3943 Θεμιστοκλέους
1117 3864 1219 3948 φυγὴν
1242 3864 1290 3930 καί

140 3967 177 4031 τὰ
193 3969 364 4033 Μιλτιάδου
382 3969 479 4048 δεσμὰ
498 3963 546 4030 καί
566 3966 622 4046 τὴν
637 3965 826 4049 Περικλέους
843 3968 949 4047 ζημίαν
965 3965 1013 4032 καὶ
1028 3968 1080 4033 τὸν
1096 3969 1242 4053 Πάχητος
1257 3971 1291 4036 ἐν

139 4073 181 4157 τῷ
205 4075 384 4156 δικαστηρίῳ
406 4072 546 4149 θάνατον,
561 4072 723 4138 άνελόντος
745 4071 836 4136 αὑτὸν
858 4068 908 4137 ἐπί
930 4077 984 4135 τοῦ
1005 4071 1141 4153 βήματος
1164 4072 1204 4141 ὥς
1221 4071 1289 4153 ἡλί-

140 4200 239 4252 σκετο,
263 4171 312 4238 καί
336 4174 438 4238 πολλὰ
461 4178 583 4238 τοιαῦτα
606 4174 772 4253 συνάγουσι
797 4171 845 4238 καί
866 4177 1037 4256 θρυλοῦσιν,
1051 4170 1238 4257 Ἀριστείδου
1256 4177 1289 4242 δέ

138 4285 191 4342 τδν
209 4281 264 4359 μὲν
286 4277 526 4359 ἐξοστρακισμὸν
546 4278 770 4358 παρατίθενται,
787 4278 945 4355 καταδίκης
960 4278 992 4341 δέ
1007 4279 1145 4356 τοιαύτης
1160 4280 1289 4360 οῦδαμοῦ

137 4381 366 4462 μνημονεύουσι.
413 4377 482 4467 (27)
507 4377 554 4444 καί
582 4381 684 4458 μέντοι
715 4377 763 4444 καί
792 4380 890 4461 τάφος
920 4378 1005 4445 ἐστίν
1034 4382 1123 4445 αὐτοῦ
1149 4386 1290 4464 Φαληροῖ

139 4486 336 4567 δεικνύμενος,
363 4488 398 4550 όν
423 4493 503 4566 φασι
530 4485 753 4549 κατασκευάσαι
780 4484 834 4562 τὴν
856 4488 948 4549 πόλιν
970 4483 1048 4570 αὐτῷ
1068 4483 1136 4565 μηδ’
1159 4484 1289 4567 ἐντάφια
