<?xml version="1.0" encoding="UTF-8"?>
<!DOCTYPE html PUBLIC "-//W3C//DTD XHTML 1.0 Transitional//EN"
    "http://www.w3.org/TR/xhtml1/DTD/xhtml1-transitional.dtd">
<html xmlns="http://www.w3.org/1999/xhtml" xml:lang="en" lang="en">
 <head>
  <title>
</title>
<meta http-equiv="Content-Type" content="text/html;charset=utf-8" />
  <meta name='ocr-system' content='tesseract 3.04.00' />
  <meta name='ocr-capabilities' content='ocr_page ocr_carea ocr_par ocr_line ocrx_word'/>
</head>
<body>
  <div class='ocr_page' id='page_1' title='image "./sourcesforgreek00hillgoog/sourcesforgreek00hillgoog_0283.png"; bbox 0 0 3000 5046; ppageno 0'>
   <div class='ocr_carea' id='block_1_1' title="bbox 194 335 1348 415">
    <p class='ocr_par' dir='ltr' id='par_1_1' title="bbox 194 335 1348 415">
     <span class='ocr_line' id='line_1_1' title="bbox 194 335 1348 415; baseline -0.003 -16"><span class='ocrx_word' id='word_1_1' title='bbox 194 336 256 415; x_wconf 78' lang='lat'>264</span> <span class='ocrx_word' id='word_1_2' title='bbox 598 335 931 395; x_wconf 77' lang='lat' dir='ltr'><em>BJOGRAPHJCAL.</em></span> <span class='ocrx_word' id='word_1_3' title='bbox 1215 344 1348 410; x_wconf 71' lang='lat' dir='ltr'>[om</span> 
     </span>
    </p>
   </div>
   <div class='ocr_carea' id='block_1_2' title="bbox 195 533 1355 2375">
    <p class='ocr_par' dir='ltr' id='par_1_2' title="bbox 195 533 1354 1236">
     <span class='ocr_line' id='line_1_2' title="bbox 196 533 1352 614; baseline -0.001 -15"><span class='ocrx_word' id='word_1_4' title='bbox 196 535 347 600; x_wconf 79' lang='grc' dir='ltr'>νεανίσκοι</span> <span class='ocrx_word' id='word_1_5' title='bbox 363 537 546 613; x_wconf 77' lang='grc' dir='ltr'>παρείποντο</span> <span class='ocrx_word' id='word_1_6' title='bbox 561 533 700 613; x_wconf 82' lang='grc' dir='ltr'>συνήθεις</span> <span class='ocrx_word' id='word_1_7' title='bbox 717 533 923 614; x_wconf 72' lang='grc' dir='ltr'>ἀμπεχόμενοι</span> <span class='ocrx_word' id='word_1_8' title='bbox 939 538 1046 607; x_wconf 87' lang='grc' dir='ltr'>καλῶς,</span> <span class='ocrx_word' id='word_1_9' title='bbox 1058 534 1101 597; x_wconf 84' lang='grc' dir='ltr'>ῶν</span> <span class='ocrx_word' id='word_1_10' title='bbox 1112 533 1249 610; x_wconf 75' lang='grc' dir='ltr'>ἕκαστος,</span> <span class='ocrx_word' id='word_1_11' title='bbox 1261 535 1291 597; x_wconf 85' lang='grc' dir='ltr'>εί</span> <span class='ocrx_word' id='word_1_12' title='bbox 1302 557 1352 598; x_wconf 91' lang='grc' dir='ltr'>τις</span> 
     </span>
     <span class='ocr_line' id='line_1_3' title="bbox 196 634 1350 723; baseline -0.001 -21"><span class='ocrx_word' id='word_1_13' title='bbox 196 637 341 721; x_wconf 79' lang='grc' dir='ltr'>συντύχοι</span> <span class='ocrx_word' id='word_1_14' title='bbox 352 639 394 723; x_wconf 76' lang='grc' dir='ltr'>τῷ</span> <span class='ocrx_word' id='word_1_15' title='bbox 407 638 524 716; x_wconf 87' lang='grc' dir='ltr'>Κίμωνι</span> <span class='ocrx_word' id='word_1_16' title='bbox 536 642 595 701; x_wconf 89' lang='grc' dir='ltr'>τῶν</span> <span class='ocrx_word' id='word_1_17' title='bbox 607 638 710 702; x_wconf 88' lang='grc' dir='ltr'>ἀστῶν</span> <span class='ocrx_word' id='word_1_18' title='bbox 721 636 926 718; x_wconf 84' lang='grc' dir='ltr'>πρεσβύτερος</span> <span class='ocrx_word' id='word_1_19' title='bbox 938 634 1143 717; x_wconf 85' lang='grc' dir='ltr'>ἠμφιεσμένος</span> <span class='ocrx_word' id='word_1_20' title='bbox 1155 638 1274 712; x_wconf 91' lang='grc' dir='ltr'>ἐνδεῶς,</span> <span class='ocrx_word' id='word_1_21' title='bbox 1282 640 1350 714; x_wconf 88' lang='grc' dir='ltr'>διη·</span> 
     </span>
     <span class='ocr_line' id='line_1_4' title="bbox 195 737 1351 823; baseline -0.003 -17"><span class='ocrx_word' id='word_1_22' title='bbox 195 743 322 822; x_wconf 91' lang='grc' dir='ltr'>μείβετο</span> <span class='ocrx_word' id='word_1_23' title='bbox 336 747 409 821; x_wconf 82' lang='grc' dir='ltr'>πρὸς</span> <span class='ocrx_word' id='word_1_24' title='bbox 425 741 514 805; x_wconf 81' lang='grc' dir='ltr'>αὐτὸν</span> <span class='ocrx_word' id='word_1_25' title='bbox 530 741 567 805; x_wconf 86' lang='grc' dir='ltr'>τά</span> <span class='ocrx_word' id='word_1_26' title='bbox 584 739 695 822; x_wconf 84' lang='grc' dir='ltr'>ἱμάτια·</span> <span class='ocrx_word' id='word_1_27' title='bbox 727 737 775 803; x_wconf 78' lang='grc' dir='ltr'>καὶ</span> <span class='ocrx_word' id='word_1_28' title='bbox 787 745 821 803; x_wconf 88' lang='grc' dir='ltr'>τδ</span> <span class='ocrx_word' id='word_1_29' title='bbox 832 743 992 823; x_wconf 90' lang='grc' dir='ltr'>γινόμενον</span> <span class='ocrx_word' id='word_1_30' title='bbox 1005 742 1147 821; x_wconf 89' lang='grc' dir='ltr'>ἐφαίνετο</span> <span class='ocrx_word' id='word_1_31' title='bbox 1158 742 1280 820; x_wconf 91' lang='grc' dir='ltr'>σεμνόν.</span> <span class='ocrx_word' id='word_1_32' title='bbox 1319 740 1351 802; x_wconf 75' lang='lat' dir='ltr'>ol</span> 
     </span>
     <span class='ocr_line' id='line_1_5' title="bbox 197 841 1352 925; baseline 0 -15"><span class='ocrx_word' id='word_1_33' title='bbox 197 844 222 910; x_wconf 87' lang='grc' dir='ltr'>δ’</span> <span class='ocrx_word' id='word_1_34' title='bbox 238 842 322 909; x_wconf 76' lang='grc' dir='ltr'>αὐτοὶ</span> <span class='ocrx_word' id='word_1_35' title='bbox 338 841 385 908; x_wconf 80' lang='grc' dir='ltr'>καὶ</span> <span class='ocrx_word' id='word_1_36' title='bbox 404 846 537 924; x_wconf 90' lang='grc' dir='ltr'>νόμισμα</span> <span class='ocrx_word' id='word_1_37' title='bbox 556 844 727 923; x_wconf 80' lang='grc' dir='ltr'>κομίζοντες</span> <span class='ocrx_word' id='word_1_38' title='bbox 746 847 881 925; x_wconf 88' lang='grc' dir='ltr'>ἀφθονον</span> <span class='ocrx_word' id='word_1_39' title='bbox 901 843 1119 924; x_wconf 74' lang='grc' dir='ltr'>παριστάμενοι</span> <span class='ocrx_word' id='word_1_40' title='bbox 1137 849 1200 909; x_wconf 79' lang='grc' dir='ltr'>τοῖς</span> <span class='ocrx_word' id='word_1_41' title='bbox 1219 846 1352 925; x_wconf 74' lang='grc' dir='ltr'>κομψοῖς</span> 
     </span>
     <span class='ocr_line' id='line_1_6' title="bbox 196 945 1354 1033; baseline 0.001 -21"><span class='ocrx_word' id='word_1_42' title='bbox 196 956 257 1014; x_wconf 90' lang='grc' dir='ltr'>τῶν</span> <span class='ocrx_word' id='word_1_43' title='bbox 279 947 416 1028; x_wconf 80' lang='grc' dir='ltr'>πενήτων</span> <span class='ocrx_word' id='word_1_44' title='bbox 442 951 476 1013; x_wconf 90' lang='grc' dir='ltr'>ἐν</span> <span class='ocrx_word' id='word_1_45' title='bbox 503 948 599 1032; x_wconf 74' lang='grc' dir='ltr'>ἀγορᾷ</span> <span class='ocrx_word' id='word_1_46' title='bbox 623 947 727 1033; x_wconf 77' lang='grc' dir='ltr'>σιωπή</span> <span class='ocrx_word' id='word_1_47' title='bbox 751 954 812 1012; x_wconf 88' lang='grc' dir='ltr'>τῶν</span> <span class='ocrx_word' id='word_1_48' title='bbox 839 948 1007 1029; x_wconf 86' lang='grc' dir='ltr'>κερματίων</span> <span class='ocrx_word' id='word_1_49' title='bbox 1033 946 1204 1028; x_wconf 71' lang='grc' dir='ltr'>ἐνέβαλλον</span> <span class='ocrx_word' id='word_1_50' title='bbox 1230 949 1272 1013; x_wconf 84' lang='grc' dir='ltr'>είς</span> <span class='ocrx_word' id='word_1_51' title='bbox 1296 945 1354 1013; x_wconf 85' lang='grc' dir='ltr'>τάς</span> 
     </span>
     <span class='ocr_line' id='line_1_7' title="bbox 196 1051 1352 1137; baseline -0.003 -21"><span class='ocrx_word' id='word_1_52' title='bbox 196 1057 312 1137; x_wconf 85' lang='grc' dir='ltr'>χεῖρας.</span> <span class='ocrx_word' id='word_1_53' title='bbox 364 1055 407 1118; x_wconf 85' lang='grc' dir='ltr'>ῶν</span> <span class='ocrx_word' id='word_1_54' title='bbox 428 1053 465 1133; x_wconf 83' lang='grc' dir='ltr'>δή</span> <span class='ocrx_word' id='word_1_55' title='bbox 490 1054 539 1116; x_wconf 85' lang='grc' dir='ltr'>καὶ</span> <span class='ocrx_word' id='word_1_56' title='bbox 562 1056 708 1134; x_wconf 83' lang='grc' dir='ltr'>Κρατῖνος</span> <span class='ocrx_word' id='word_1_57' title='bbox 731 1052 748 1115; x_wconf 99' lang='lat'><em>6</em></span> <span class='ocrx_word' id='word_1_58' title='bbox 771 1051 898 1131; x_wconf 84' lang='grc' dir='ltr'>κωμικὸς</span> <span class='ocrx_word' id='word_1_59' title='bbox 921 1054 954 1116; x_wconf 90' lang='grc' dir='ltr'>ἐν</span> <span class='ocrx_word' id='word_1_60' title='bbox 977 1051 1174 1135; x_wconf 86' lang='grc' dir='ltr'>Ἀρχιλόχοις</span> <span class='ocrx_word' id='word_1_61' title='bbox 1200 1052 1278 1117; x_wconf 82' lang='grc' dir='ltr'>ἔοικε</span> <span class='ocrx_word' id='word_1_62' title='bbox 1296 1075 1352 1131; x_wconf 93' lang='grc' dir='ltr'>με-</span> 
     </span>
     <span class='ocr_line' id='line_1_8' title="bbox 197 1156 541 1236; baseline 0 -17"><span class='ocrx_word' id='word_1_63' title='bbox 197 1158 330 1236; x_wconf 84' lang='grc' dir='ltr'>μνήσθαι</span> <span class='ocrx_word' id='word_1_64' title='bbox 349 1158 400 1220; x_wconf 76' lang='grc' dir='ltr'>διὰ</span> <span class='ocrx_word' id='word_1_65' title='bbox 418 1156 541 1219; x_wconf 90' lang='grc' dir='ltr'>τούτων·</span> 
     </span>
    </p>

    <p class='ocr_par' dir='ltr' id='par_1_3' title="bbox 374 1259 1133 1342">
     <span class='ocr_line' id='line_1_9' title="bbox 374 1259 1133 1342; baseline 0.003 -18"><span class='ocrx_word' id='word_1_66' title='bbox 374 1260 465 1342; x_wconf 81' lang='grc' dir='ltr'>Κάγὼ</span> <span class='ocrx_word' id='word_1_67' title='bbox 488 1259 546 1342; x_wconf 87' lang='grc' dir='ltr'>γὰρ</span> <span class='ocrx_word' id='word_1_68' title='bbox 569 1259 682 1342; x_wconf 80' lang='grc' dir='ltr'>ηὔχουν</span> <span class='ocrx_word' id='word_1_69' title='bbox 706 1259 883 1340; x_wconf 85' lang='grc' dir='ltr'>Μητρόβιος</span> <span class='ocrx_word' id='word_1_70' title='bbox 907 1259 923 1322; x_wconf 95' lang='lat'><em>6</em></span> <span class='ocrx_word' id='word_1_71' title='bbox 945 1259 1133 1341; x_wconf 86' lang='grc' dir='ltr'>γραμματεύς</span> 
     </span>
    </p>

    <p class='ocr_par' dir='ltr' id='par_1_4' title="bbox 374 1360 959 1448">
     <span class='ocr_line' id='line_1_10' title="bbox 374 1360 959 1448; baseline 0 -22"><span class='ocrx_word' id='word_1_72' title='bbox 374 1362 431 1429; x_wconf 80' lang='grc' dir='ltr'>σὺν</span> <span class='ocrx_word' id='word_1_73' title='bbox 453 1360 538 1444; x_wconf 73' lang='grc' dir='ltr'>ἀνδρὶ</span> <span class='ocrx_word' id='word_1_74' title='bbox 561 1363 631 1448; x_wconf 85' lang='grc' dir='ltr'>θείῳ</span> <span class='ocrx_word' id='word_1_75' title='bbox 654 1363 702 1427; x_wconf 86' lang='grc' dir='ltr'>καὶ</span> <span class='ocrx_word' id='word_1_76' title='bbox 726 1361 959 1448; x_wconf 80' lang='grc' dir='ltr'>φιλοξενωτάτῳ</span> 
     </span>
    </p>

    <p class='ocr_par' dir='ltr' id='par_1_5' title="bbox 375 1464 1135 1552">
     <span class='ocr_line' id='line_1_11' title="bbox 375 1464 1135 1552; baseline 0 -22"><span class='ocrx_word' id='word_1_77' title='bbox 375 1465 423 1531; x_wconf 82' lang='grc' dir='ltr'>καὶ</span> <span class='ocrx_word' id='word_1_78' title='bbox 446 1466 531 1531; x_wconf 85' lang='grc' dir='ltr'>πάντ’</span> <span class='ocrx_word' id='word_1_79' title='bbox 553 1468 667 1552; x_wconf 80' lang='grc' dir='ltr'>ἀρίστῳ</span> <span class='ocrx_word' id='word_1_80' title='bbox 690 1474 750 1531; x_wconf 89' lang='grc' dir='ltr'>τῶν</span> <span class='ocrx_word' id='word_1_81' title='bbox 772 1464 981 1545; x_wconf 77' lang='grc' dir='ltr'>Πανελλήνων</span> <span class='ocrx_word' id='word_1_82' title='bbox 1004 1471 1060 1549; x_wconf 83' lang='grc' dir='ltr'>πρὸ</span> <span class='ocrx_word' id='word_1_83' title='bbox 1082 1470 1135 1530; x_wconf 83' lang='grc' dir='ltr'>τοῦ</span> 
     </span>
    </p>

    <p class='ocr_par' dir='ltr' id='par_1_6' title="bbox 375 1571 985 1654">
     <span class='ocr_line' id='line_1_12' title="bbox 375 1571 985 1654; baseline 0.008 -21"><span class='ocrx_word' id='word_1_84' title='bbox 375 1574 491 1651; x_wconf 89' lang='grc' dir='ltr'>Κίμωνι</span> <span class='ocrx_word' id='word_1_85' title='bbox 514 1571 643 1654; x_wconf 88' lang='grc' dir='ltr'>λιπαρὸν</span> <span class='ocrx_word' id='word_1_86' title='bbox 666 1575 760 1653; x_wconf 84' lang='grc' dir='ltr'>γήρας</span> <span class='ocrx_word' id='word_1_87' title='bbox 783 1571 985 1654; x_wconf 82' lang='grc' dir='ltr'>εὐωχούμενος</span> 
     </span>
    </p>

    <p class='ocr_par' dir='ltr' id='par_1_7' title="bbox 374 1674 967 1757">
     <span class='ocr_line' id='line_1_13' title="bbox 374 1674 967 1757; baseline 0.003 -20"><span class='ocrx_word' id='word_1_88' title='bbox 374 1677 469 1741; x_wconf 76' lang='grc' dir='ltr'>αἰῶνα</span> <span class='ocrx_word' id='word_1_89' title='bbox 491 1675 587 1740; x_wconf 82' lang='grc' dir='ltr'>πάντα</span> <span class='ocrx_word' id='word_1_90' title='bbox 609 1678 847 1757; x_wconf 79' lang='grc' dir='ltr'>συνδιατρίψειν.</span> <span class='ocrx_word' id='word_1_91' title='bbox 893 1675 910 1738; x_wconf 99' lang='lat'><em>6</em></span> <span class='ocrx_word' id='word_1_92' title='bbox 932 1674 967 1739; x_wconf 85' lang='grc' dir='ltr'>δέ</span> 
     </span>
    </p>

    <p class='ocr_par' dir='ltr' id='par_1_8' title="bbox 202 1781 1355 2174">
     <span class='ocr_line' id='line_1_14' title="bbox 374 1781 788 1861; baseline 0.007 -20"><span class='ocrx_word' id='word_1_93' title='bbox 374 1781 473 1844; x_wconf 81' lang='grc' dir='ltr'>λιτῶν</span> <span class='ocrx_word' id='word_1_94' title='bbox 494 1781 614 1860; x_wconf 89' lang='grc' dir='ltr'>βέβηκε</span> <span class='ocrx_word' id='word_1_95' title='bbox 636 1781 788 1861; x_wconf 91' lang='grc' dir='ltr'>πρότερος.</span> 
     </span>
     <span class='ocr_line' id='line_1_15' title="bbox 202 1881 1355 1967; baseline -0.002 -18"><span class='ocrx_word' id='word_1_96' title='bbox 202 1886 248 1949; x_wconf 85' lang='grc' dir='ltr'>ἐτι</span> <span class='ocrx_word' id='word_1_97' title='bbox 270 1884 372 1948; x_wconf 92' lang='grc' dir='ltr'>τοίνυν</span> <span class='ocrx_word' id='word_1_98' title='bbox 394 1883 520 1967; x_wconf 80' lang='grc' dir='ltr'>Γοργίας</span> <span class='ocrx_word' id='word_1_99' title='bbox 539 1887 596 1964; x_wconf 75' lang='grc' dir='ltr'>μὲν</span> <span class='ocrx_word' id='word_1_100' title='bbox 618 1884 634 1947; x_wconf 95' lang='lat'><em>6</em></span> <span class='ocrx_word' id='word_1_101' title='bbox 657 1883 816 1949; x_wconf 85' lang='grc' dir='ltr'>Λεοντῖνός</span> <span class='ocrx_word' id='word_1_102' title='bbox 839 1891 919 1964; x_wconf 90' lang='grc' dir='ltr'>φησι</span> <span class='ocrx_word' id='word_1_103' title='bbox 941 1882 993 1947; x_wconf 85' lang='grc' dir='ltr'>τάν</span> <span class='ocrx_word' id='word_1_104' title='bbox 1012 1883 1135 1961; x_wconf 88' lang='grc' dir='ltr'>Κίμωνα</span> <span class='ocrx_word' id='word_1_105' title='bbox 1156 1886 1195 1947; x_wconf 78' lang='grc' dir='ltr'>τὰ</span> <span class='ocrx_word' id='word_1_106' title='bbox 1215 1881 1355 1966; x_wconf 89' lang='grc' dir='ltr'>χρήματα</span> 
     </span>
     <span class='ocr_line' id='line_1_16' title="bbox 203 1985 1355 2073; baseline -0.003 -21"><span class='ocrx_word' id='word_1_107' title='bbox 203 1991 332 2052; x_wconf 79' lang='grc' dir='ltr'>κτᾶσθαι</span> <span class='ocrx_word' id='word_1_108' title='bbox 346 1990 402 2067; x_wconf 72' lang='grc' dir='ltr'>μὲν</span> <span class='ocrx_word' id='word_1_109' title='bbox 417 1986 456 2054; x_wconf 82' lang='grc' dir='ltr'>ῶς</span> <span class='ocrx_word' id='word_1_110' title='bbox 475 1989 583 2072; x_wconf 78' lang='grc' dir='ltr'>χρφτο,</span> <span class='ocrx_word' id='word_1_111' title='bbox 598 1991 732 2073; x_wconf 79' lang='grc' dir='ltr'>χρῆσθαι</span> <span class='ocrx_word' id='word_1_112' title='bbox 750 1989 783 2053; x_wconf 80' lang='grc' dir='ltr'>δέ</span> <span class='ocrx_word' id='word_1_113' title='bbox 803 1986 842 2054; x_wconf 78' lang='grc' dir='ltr'>ὦς</span> <span class='ocrx_word' id='word_1_114' title='bbox 863 1985 985 2072; x_wconf 77' lang='grc' dir='ltr'>τιμφτο,</span> <span class='ocrx_word' id='word_1_115' title='bbox 1002 1988 1125 2067; x_wconf 88' lang='grc' dir='ltr'>Κριτίας</span> <span class='ocrx_word' id='word_1_116' title='bbox 1144 1991 1176 2052; x_wconf 80' lang='grc' dir='ltr'>δὲ</span> <span class='ocrx_word' id='word_1_117' title='bbox 1194 1994 1255 2052; x_wconf 89' lang='grc' dir='ltr'>τῶν</span> <span class='ocrx_word' id='word_1_118' title='bbox 1272 1987 1355 2068; x_wconf 90' lang='grc' dir='ltr'>τριά-</span> 
     </span>
     <span class='ocr_line' id='line_1_17' title="bbox 204 2091 901 2174; baseline -0.001 -19"><span class='ocrx_word' id='word_1_119' title='bbox 204 2118 295 2157; x_wconf 91' lang='grc' dir='ltr'>κοντα</span> <span class='ocrx_word' id='word_1_120' title='bbox 309 2093 470 2174; x_wconf 89' lang='grc' dir='ltr'>γενόμενος</span> <span class='ocrx_word' id='word_1_121' title='bbox 486 2093 519 2157; x_wconf 84' lang='grc' dir='ltr'>ἐν</span> <span class='ocrx_word' id='word_1_122' title='bbox 535 2096 598 2157; x_wconf 85' lang='grc' dir='ltr'>ταῖς</span> <span class='ocrx_word' id='word_1_123' title='bbox 613 2092 763 2170; x_wconf 83' lang='grc' dir='ltr'>ἐλεγείαις</span> <span class='ocrx_word' id='word_1_124' title='bbox 780 2091 901 2174; x_wconf 80' lang='grc' dir='ltr'>εὔχεται</span> 
     </span>
    </p>

    <p class='ocr_par' dir='ltr' id='par_1_9' title="bbox 291 2194 1226 2375">
     <span class='ocr_line' id='line_1_18' title="bbox 291 2194 1226 2277; baseline 0.004 -19"><span class='ocrx_word' id='word_1_125' title='bbox 291 2200 430 2260; x_wconf 84' lang='grc' dir='ltr'>Πλοῦτον</span> <span class='ocrx_word' id='word_1_126' title='bbox 452 2198 506 2276; x_wconf 76' lang='grc' dir='ltr'>μὲν</span> <span class='ocrx_word' id='word_1_127' title='bbox 531 2199 703 2270; x_wconf 76' lang='grc' dir='ltr'>Σκοπαδῶν,</span> <span class='ocrx_word' id='word_1_128' title='bbox 725 2195 999 2277; x_wconf 81' lang='grc' dir='ltr'>μεγαλοφροσύνην</span> <span class='ocrx_word' id='word_1_129' title='bbox 1022 2194 1054 2259; x_wconf 84' lang='grc' dir='ltr'>δέ</span> <span class='ocrx_word' id='word_1_130' title='bbox 1078 2195 1226 2275; x_wconf 85' lang='grc' dir='ltr'>Κίμωνος,</span> 
     </span>
     <span class='ocr_line' id='line_1_19' title="bbox 334 2293 993 2375; baseline -0.005 -16"><span class='ocrx_word' id='word_1_131' title='bbox 334 2296 416 2361; x_wconf 88' lang='grc' dir='ltr'>νίκας</span> <span class='ocrx_word' id='word_1_132' title='bbox 439 2293 465 2359; x_wconf 86' lang='grc' dir='ltr'>δ’</span> <span class='ocrx_word' id='word_1_133' title='bbox 487 2295 652 2374; x_wconf 90' lang='grc' dir='ltr'>Ἀρκεσίλα</span> <span class='ocrx_word' id='word_1_134' title='bbox 672 2299 727 2358; x_wconf 82' lang='grc' dir='ltr'>τοῦ</span> <span class='ocrx_word' id='word_1_135' title='bbox 748 2295 993 2375; x_wconf 89' lang='grc' dir='ltr'>Λακεδαιμονίου.</span> 
     </span>
    </p>
   </div>
   <div class='ocr_carea' id='block_1_3' title="bbox 108 2392 1359 2478">
    <p class='ocr_par' dir='ltr' id='par_1_10' title="bbox 108 2392 1359 2478">
     <span class='ocr_line' id='line_1_20' title="bbox 108 2392 1359 2478; baseline 0.002 -22"><span class='ocrx_word' id='word_1_136' title='bbox 108 2423 111 2427; x_wconf 65' lang='grc'>’</span> <span class='ocrx_word' id='word_1_137' title='bbox 206 2395 302 2458; x_wconf 91' lang='grc' dir='ltr'>καίτοι</span> <span class='ocrx_word' id='word_1_138' title='bbox 333 2394 430 2478; x_wconf 91' lang='grc' dir='ltr'>Λίχαν</span> <span class='ocrx_word' id='word_1_139' title='bbox 457 2421 492 2473; x_wconf 91' lang='grc' dir='ltr'>γε</span> <span class='ocrx_word' id='word_1_140' title='bbox 522 2400 575 2459; x_wconf 85' lang='grc' dir='ltr'>τὸν</span> <span class='ocrx_word' id='word_1_141' title='bbox 602 2393 791 2475; x_wconf 80' lang='grc' dir='ltr'>Σπαρτιάτην</span> <span class='ocrx_word' id='word_1_142' title='bbox 816 2392 867 2457; x_wconf 86' lang='grc' dir='ltr'>ἀπ’</span> <span class='ocrx_word' id='word_1_143' title='bbox 896 2393 1016 2460; x_wconf 83' lang='grc' dir='ltr'>οὐδενὸς</span> <span class='ocrx_word' id='word_1_144' title='bbox 1042 2394 1140 2458; x_wconf 84' lang='grc' dir='ltr'>άλλου</span> <span class='ocrx_word' id='word_1_145' title='bbox 1168 2395 1359 2476; x_wconf 83' lang='grc' dir='ltr'>γινώσκομεν</span> 
     </span>
    </p>
   </div>
   <div class='ocr_carea' id='block_1_4' title="bbox 206 2494 1368 4550">
    <p class='ocr_par' dir='ltr' id='par_1_11' title="bbox 206 2494 1368 4550">
     <span class='ocr_line' id='line_1_21' title="bbox 208 2494 1358 2579; baseline 0.003 -18"><span class='ocrx_word' id='word_1_146' title='bbox 208 2499 241 2562; x_wconf 92' lang='grc' dir='ltr'>ἐν</span> <span class='ocrx_word' id='word_1_147' title='bbox 262 2501 326 2563; x_wconf 85' lang='grc' dir='ltr'>τοῖς</span> <span class='ocrx_word' id='word_1_148' title='bbox 344 2496 501 2575; x_wconf 82' lang='grc' dir='ltr'>Ἕλλησιν</span> <span class='ocrx_word' id='word_1_149' title='bbox 528 2497 698 2577; x_wconf 82' lang='grc' dir='ltr'>ὀνομαστὸν</span> <span class='ocrx_word' id='word_1_150' title='bbox 723 2498 886 2579; x_wconf 86' lang='grc' dir='ltr'>γευόμενον</span> <span class='ocrx_word' id='word_1_151' title='bbox 908 2494 926 2575; x_wconf 82' lang='grc' dir='ltr'>ή</span> <span class='ocrx_word' id='word_1_152' title='bbox 951 2498 996 2560; x_wconf 85' lang='grc' dir='ltr'>ότι</span> <span class='ocrx_word' id='word_1_153' title='bbox 1019 2496 1088 2564; x_wconf 79' lang='grc' dir='ltr'>τοὺς</span> <span class='ocrx_word' id='word_1_154' title='bbox 1110 2497 1214 2577; x_wconf 87' lang='grc' dir='ltr'>ξένους</span> <span class='ocrx_word' id='word_1_155' title='bbox 1237 2501 1269 2563; x_wconf 92' lang='grc' dir='ltr'>ἐν</span> <span class='ocrx_word' id='word_1_156' title='bbox 1292 2503 1358 2565; x_wconf 84' lang='grc' dir='ltr'>ταῖς</span> 
     </span>
     <span class='ocr_line' id='line_1_22' title="bbox 207 2601 1358 2685; baseline 0.002 -20"><span class='ocrx_word' id='word_1_157' title='bbox 207 2603 436 2685; x_wconf 82' lang='grc' dir='ltr'>γυμνοπαιδίαις</span> <span class='ocrx_word' id='word_1_158' title='bbox 459 2601 634 2679; x_wconf 76' lang='grc' dir='ltr'>ἐδείπνιζεν·</span> <span class='ocrx_word' id='word_1_159' title='bbox 673 2601 692 2681; x_wconf 86' lang='grc' dir='ltr'>ή</span> <span class='ocrx_word' id='word_1_160' title='bbox 712 2604 744 2665; x_wconf 87' lang='grc' dir='ltr'>δέ</span> <span class='ocrx_word' id='word_1_161' title='bbox 763 2603 901 2681; x_wconf 88' lang='grc' dir='ltr'>Κίμωνος</span> <span class='ocrx_word' id='word_1_162' title='bbox 922 2603 1054 2683; x_wconf 81' lang='grc' dir='ltr'>ἀφθονία</span> <span class='ocrx_word' id='word_1_163' title='bbox 1077 2604 1125 2666; x_wconf 90' lang='grc' dir='ltr'>καὶ</span> <span class='ocrx_word' id='word_1_164' title='bbox 1148 2602 1203 2681; x_wconf 82' lang='grc' dir='ltr'>τήν</span> <span class='ocrx_word' id='word_1_165' title='bbox 1223 2605 1358 2667; x_wconf 83' lang='grc' dir='ltr'>παλαιὰν</span> 
     </span>
     <span class='ocr_line' id='line_1_23' title="bbox 208 2704 1358 2786; baseline 0.003 -19"><span class='ocrx_word' id='word_1_166' title='bbox 208 2710 269 2769; x_wconf 91' lang='grc' dir='ltr'>τῶν</span> <span class='ocrx_word' id='word_1_167' title='bbox 287 2704 457 2781; x_wconf 86' lang='grc' dir='ltr'>’Λθηναίων</span> <span class='ocrx_word' id='word_1_168' title='bbox 480 2705 657 2785; x_wconf 78' lang='grc' dir='ltr'>φιλοξενίαν</span> <span class='ocrx_word' id='word_1_169' title='bbox 680 2707 728 2769; x_wconf 86' lang='grc' dir='ltr'>καὶ</span> <span class='ocrx_word' id='word_1_170' title='bbox 752 2706 984 2786; x_wconf 84' lang='grc' dir='ltr'>φιλανθρωπίαν</span> <span class='ocrx_word' id='word_1_171' title='bbox 1006 2706 1206 2786; x_wconf 77' lang='grc' dir='ltr'>ὑπερέβαλεν.</span> <span class='ocrx_word' id='word_1_172' title='bbox 1253 2707 1281 2769; x_wconf 82' lang='grc' dir='ltr'>οί</span> <span class='ocrx_word' id='word_1_173' title='bbox 1302 2707 1358 2785; x_wconf 84' lang='grc' dir='ltr'>μέν</span> 
     </span>
     <span class='ocr_line' id='line_1_24' title="bbox 206 2807 1358 2891; baseline 0.003 -20"><span class='ocrx_word' id='word_1_174' title='bbox 206 2808 273 2889; x_wconf 87' lang='grc' dir='ltr'>γάρ,</span> <span class='ocrx_word' id='word_1_175' title='bbox 289 2807 338 2888; x_wconf 81' lang='grc' dir='ltr'>ἐφ’</span> <span class='ocrx_word' id='word_1_176' title='bbox 355 2810 401 2875; x_wconf 80' lang='grc' dir='ltr'>οἶς</span> <span class='ocrx_word' id='word_1_177' title='bbox 416 2808 435 2887; x_wconf 89' lang='grc' dir='ltr'>ή</span> <span class='ocrx_word' id='word_1_178' title='bbox 452 2810 543 2875; x_wconf 90' lang='grc' dir='ltr'>πόλις</span> <span class='ocrx_word' id='word_1_179' title='bbox 557 2810 636 2889; x_wconf 91' lang='grc' dir='ltr'>μέγα</span> <span class='ocrx_word' id='word_1_180' title='bbox 651 2814 758 2891; x_wconf 86' lang='grc' dir='ltr'>φρονεῖ</span> <span class='ocrx_word' id='word_1_181' title='bbox 773 2811 906 2886; x_wconf 90' lang='grc' dir='ltr'>δικαίως,</span> <span class='ocrx_word' id='word_1_182' title='bbox 925 2809 960 2870; x_wconf 90' lang='grc' dir='ltr'>τό</span> <span class='ocrx_word' id='word_1_183' title='bbox 980 2835 1012 2874; x_wconf 91' lang='grc' dir='ltr'>τε</span> <span class='ocrx_word' id='word_1_184' title='bbox 1034 2809 1153 2891; x_wconf 89' lang='grc' dir='ltr'>σπέρμα</span> <span class='ocrx_word' id='word_1_185' title='bbox 1171 2813 1225 2889; x_wconf 81' lang='grc' dir='ltr'>τῆς</span> <span class='ocrx_word' id='word_1_186' title='bbox 1244 2811 1358 2891; x_wconf 78' lang='grc' dir='ltr'>τροφῆς</span> 
     </span>
     <span class='ocr_line' id='line_1_25' title="bbox 208 2911 1360 2995; baseline 0.002 -19"><span class='ocrx_word' id='word_1_187' title='bbox 208 2914 250 2979; x_wconf 81' lang='grc' dir='ltr'>εἰς</span> <span class='ocrx_word' id='word_1_188' title='bbox 277 2911 344 2979; x_wconf 81' lang='grc' dir='ltr'>τοὺς</span> <span class='ocrx_word' id='word_1_189' title='bbox 365 2911 524 2991; x_wconf 81' lang='grc' dir='ltr'>Ἕλληνας</span> <span class='ocrx_word' id='word_1_190' title='bbox 551 2913 701 2992; x_wconf 75' lang='grc' dir='ltr'>ἐξέδωκαν</span> <span class='ocrx_word' id='word_1_191' title='bbox 723 2911 839 2977; x_wconf 83' lang='grc' dir='ltr'>ὑδάτων</span> <span class='ocrx_word' id='word_1_192' title='bbox 864 2938 897 2977; x_wconf 92' lang='grc' dir='ltr'>τε</span> <span class='ocrx_word' id='word_1_193' title='bbox 924 2913 1061 2994; x_wconf 87' lang='grc' dir='ltr'>πηγαίων</span> <span class='ocrx_word' id='word_1_194' title='bbox 1083 2911 1176 2957; x_wconf 84' lang='grc'>***</span> <span class='ocrx_word' id='word_1_195' title='bbox 1199 2915 1248 2978; x_wconf 85' lang='grc' dir='ltr'>καὶ</span> <span class='ocrx_word' id='word_1_196' title='bbox 1269 2913 1360 2995; x_wconf 85' lang='grc' dir='ltr'>πυρὸς</span> 
     </span>
     <span class='ocr_line' id='line_1_26' title="bbox 208 3014 1360 3102; baseline 0.003 -23"><span class='ocrx_word' id='word_1_197' title='bbox 208 3017 330 3079; x_wconf 80' lang='grc' dir='ltr'>ἔναυσιν</span> <span class='ocrx_word' id='word_1_198' title='bbox 360 3014 523 3102; x_wconf 79' lang='grc' dir='ltr'>χρῄζουσιν</span> <span class='ocrx_word' id='word_1_199' title='bbox 554 3017 720 3098; x_wconf 76' lang='grc' dir='ltr'>ἀνθρώποις</span> <span class='ocrx_word' id='word_1_200' title='bbox 747 3015 897 3095; x_wconf 88' lang='grc' dir='ltr'>ἐδίδαξαν,</span> <span class='ocrx_word' id='word_1_201' title='bbox 922 3017 938 3078; x_wconf 94' lang='lat'><em>6</em></span> <span class='ocrx_word' id='word_1_202' title='bbox 963 3015 995 3081; x_wconf 84' lang='grc' dir='ltr'>δέ</span> <span class='ocrx_word' id='word_1_203' title='bbox 1019 3016 1074 3094; x_wconf 82' lang='grc' dir='ltr'>τήν</span> <span class='ocrx_word' id='word_1_204' title='bbox 1096 3017 1151 3095; x_wconf 83' lang='grc' dir='ltr'>μέν</span> <span class='ocrx_word' id='word_1_205' title='bbox 1176 3018 1274 3081; x_wconf 86' lang='grc' dir='ltr'>οίκίον</span> <span class='ocrx_word' id='word_1_206' title='bbox 1296 3022 1360 3083; x_wconf 80' lang='grc' dir='ltr'>τοῖς</span> 
     </span>
     <span class='ocr_line' id='line_1_27' title="bbox 208 3117 1360 3207; baseline 0.001 -25"><span class='ocrx_word' id='word_1_207' title='bbox 208 3120 346 3185; x_wconf 86' lang='grc' dir='ltr'>πολίταις</span> <span class='ocrx_word' id='word_1_208' title='bbox 361 3124 540 3201; x_wconf 82' lang='grc' dir='ltr'>πρυτανεῖον</span> <span class='ocrx_word' id='word_1_209' title='bbox 552 3117 714 3198; x_wconf 85' lang='grc' dir='ltr'>ἀποδείξας</span> <span class='ocrx_word' id='word_1_210' title='bbox 730 3122 840 3196; x_wconf 85' lang='grc' dir='ltr'>κοινόν,</span> <span class='ocrx_word' id='word_1_211' title='bbox 856 3121 888 3183; x_wconf 90' lang='grc' dir='ltr'>ἐν</span> <span class='ocrx_word' id='word_1_212' title='bbox 902 3123 935 3183; x_wconf 77' lang='grc' dir='ltr'>δὲ</span> <span class='ocrx_word' id='word_1_213' title='bbox 951 3119 988 3207; x_wconf 74' lang='grc' dir='ltr'>τῇ</span> <span class='ocrx_word' id='word_1_214' title='bbox 1002 3121 1086 3204; x_wconf 79' lang='grc' dir='ltr'>χώρῳ</span> <span class='ocrx_word' id='word_1_215' title='bbox 1099 3126 1220 3200; x_wconf 88' lang='grc' dir='ltr'>καρπῶν</span> <span class='ocrx_word' id='word_1_216' title='bbox 1233 3122 1360 3201; x_wconf 89' lang='grc' dir='ltr'>ἐτοίμιον</span> 
     </span>
     <span class='ocr_line' id='line_1_28' title="bbox 210 3220 1360 3306; baseline 0.003 -22"><span class='ocrx_word' id='word_1_217' title='bbox 210 3221 347 3305; x_wconf 85' lang='grc' dir='ltr'>ἀπαρχάς</span> <span class='ocrx_word' id='word_1_218' title='bbox 363 3220 412 3285; x_wconf 77' lang='grc' dir='ltr'>καὶ</span> <span class='ocrx_word' id='word_1_219' title='bbox 427 3223 487 3284; x_wconf 83' lang='grc' dir='ltr'>ὅσα</span> <span class='ocrx_word' id='word_1_220' title='bbox 503 3224 576 3305; x_wconf 86' lang='grc' dir='ltr'>ῶραι</span> <span class='ocrx_word' id='word_1_221' title='bbox 592 3229 669 3286; x_wconf 83' lang='grc' dir='ltr'>καλὰ</span> <span class='ocrx_word' id='word_1_222' title='bbox 686 3223 815 3304; x_wconf 91' lang='grc' dir='ltr'>φέρουσι</span> <span class='ocrx_word' id='word_1_223' title='bbox 830 3227 963 3306; x_wconf 84' lang='grc' dir='ltr'>χρῆσθαι</span> <span class='ocrx_word' id='word_1_224' title='bbox 983 3221 1031 3285; x_wconf 82' lang='grc' dir='ltr'>καὶ</span> <span class='ocrx_word' id='word_1_225' title='bbox 1053 3223 1224 3304; x_wconf 80' lang='grc' dir='ltr'>λαμβάνειν</span> <span class='ocrx_word' id='word_1_226' title='bbox 1243 3223 1360 3288; x_wconf 89' lang='grc' dir='ltr'>ἀπαυτα</span> 
     </span>
     <span class='ocr_line' id='line_1_29' title="bbox 209 3324 1361 3410; baseline 0.003 -21"><span class='ocrx_word' id='word_1_227' title='bbox 209 3331 271 3392; x_wconf 83' lang='grc' dir='ltr'>τοῖς</span> <span class='ocrx_word' id='word_1_228' title='bbox 292 3325 389 3404; x_wconf 84' lang='grc' dir='ltr'>ξένοις</span> <span class='ocrx_word' id='word_1_229' title='bbox 412 3327 562 3410; x_wconf 86' lang='grc' dir='ltr'>παρέχων,</span> <span class='ocrx_word' id='word_1_230' title='bbox 583 3328 695 3408; x_wconf 89' lang='grc' dir='ltr'>τρόπον</span> <span class='ocrx_word' id='word_1_231' title='bbox 719 3330 786 3391; x_wconf 76' lang='grc' dir='ltr'>τινὰ</span> <span class='ocrx_word' id='word_1_232' title='bbox 806 3328 861 3405; x_wconf 81' lang='grc' dir='ltr'>τήν</span> <span class='ocrx_word' id='word_1_233' title='bbox 884 3324 934 3390; x_wconf 73' lang='grc' dir='ltr'>ἐπὶ</span> <span class='ocrx_word' id='word_1_234' title='bbox 958 3328 1074 3409; x_wconf 91' lang='grc' dir='ltr'>Κρόνου</span> <span class='ocrx_word' id='word_1_235' title='bbox 1095 3326 1361 3410; x_wconf 75' lang='grc' dir='ltr'>μυθολογουμένην</span> 
     </span>
     <span class='ocr_line' id='line_1_30' title="bbox 211 3430 1362 3514; baseline 0.001 -22"><span class='ocrx_word' id='word_1_236' title='bbox 211 3431 368 3494; x_wconf 91' lang='grc' dir='ltr'>κοινωνίαν</span> <span class='ocrx_word' id='word_1_237' title='bbox 382 3432 425 3496; x_wconf 87' lang='grc' dir='ltr'>είς</span> <span class='ocrx_word' id='word_1_238' title='bbox 440 3436 492 3495; x_wconf 83' lang='grc' dir='ltr'>τάν</span> <span class='ocrx_word' id='word_1_239' title='bbox 507 3432 581 3509; x_wconf 89' lang='grc' dir='ltr'>βίον</span> <span class='ocrx_word' id='word_1_240' title='bbox 596 3430 680 3497; x_wconf 78' lang='grc' dir='ltr'>αὖθις</span> <span class='ocrx_word' id='word_1_241' title='bbox 697 3434 835 3511; x_wconf 77' lang='grc' dir='ltr'>κατῆγεν.</span> <span class='ocrx_word' id='word_1_242' title='bbox 881 3433 910 3494; x_wconf 78' lang='grc' dir='ltr'>οἱ</span> <span class='ocrx_word' id='word_1_243' title='bbox 926 3434 958 3496; x_wconf 80' lang='grc' dir='ltr'>δὲ</span> <span class='ocrx_word' id='word_1_244' title='bbox 974 3435 1066 3493; x_wconf 82' lang='grc' dir='ltr'>ταῦτα</span> <span class='ocrx_word' id='word_1_245' title='bbox 1086 3432 1245 3495; x_wconf 89' lang='grc' dir='ltr'>κολακείαν</span> <span class='ocrx_word' id='word_1_246' title='bbox 1265 3433 1362 3514; x_wconf 86' lang='grc' dir='ltr'>ὄχλου</span> 
     </span>
     <span class='ocr_line' id='line_1_31' title="bbox 211 3530 1362 3618; baseline -0.002 -21"><span class='ocrx_word' id='word_1_247' title='bbox 211 3530 259 3597; x_wconf 83' lang='grc' dir='ltr'>καὶ</span> <span class='ocrx_word' id='word_1_248' title='bbox 274 3534 464 3616; x_wconf 84' lang='grc' dir='ltr'>δημαγωγίαν</span> <span class='ocrx_word' id='word_1_249' title='bbox 480 3535 556 3599; x_wconf 85' lang='grc' dir='ltr'>εἶναι</span> <span class='ocrx_word' id='word_1_250' title='bbox 572 3534 794 3613; x_wconf 87' lang='grc' dir='ltr'>διαβάλλοντες</span> <span class='ocrx_word' id='word_1_251' title='bbox 815 3534 873 3598; x_wconf 84' lang='grc' dir='ltr'>ὑπὸ</span> <span class='ocrx_word' id='word_1_252' title='bbox 895 3537 948 3613; x_wconf 79' lang='grc' dir='ltr'>τῆς</span> <span class='ocrx_word' id='word_1_253' title='bbox 968 3536 1067 3613; x_wconf 86' lang='grc' dir='ltr'>ἀλλης</span> <span class='ocrx_word' id='word_1_254' title='bbox 1087 3534 1291 3618; x_wconf 80' lang='grc' dir='ltr'>ἐξηλέγχοντο</span> <span class='ocrx_word' id='word_1_255' title='bbox 1310 3537 1362 3596; x_wconf 88' lang='grc' dir='ltr'>τοῦ</span> 
     </span>
     <span class='ocr_line' id='line_1_32' title="bbox 210 3635 1363 3720; baseline 0 -20"><span class='ocrx_word' id='word_1_256' title='bbox 210 3639 318 3717; x_wconf 82' lang='grc' dir='ltr'>ἀνδρὸς</span> <span class='ocrx_word' id='word_1_257' title='bbox 340 3636 541 3719; x_wconf 90' lang='grc' dir='ltr'>προαιρέσεως</span> <span class='ocrx_word' id='word_1_258' title='bbox 564 3639 813 3719; x_wconf 80' lang='grc' dir='ltr'>ἀριστοκρατικῆς</span> <span class='ocrx_word' id='word_1_259' title='bbox 835 3637 883 3702; x_wconf 81' lang='grc' dir='ltr'>καὶ</span> <span class='ocrx_word' id='word_1_260' title='bbox 900 3642 1074 3716; x_wconf 81' lang='grc' dir='ltr'>Λακωνικῆς</span> <span class='ocrx_word' id='word_1_261' title='bbox 1095 3639 1197 3716; x_wconf 80' lang='grc' dir='ltr'>οὔσης,</span> <span class='ocrx_word' id='word_1_262' title='bbox 1215 3641 1247 3705; x_wconf 89' lang='grc' dir='ltr'>ὅς</span> <span class='ocrx_word' id='word_1_263' title='bbox 1262 3664 1298 3720; x_wconf 92' lang='grc' dir='ltr'>γε</span> <span class='ocrx_word' id='word_1_264' title='bbox 1315 3635 1363 3701; x_wconf 78' lang='grc' dir='ltr'>καὶ</span> 
     </span>
     <span class='ocr_line' id='line_1_33' title="bbox 213 3741 1363 3823; baseline 0.002 -20"><span class='ocrx_word' id='word_1_265' title='bbox 213 3744 419 3819; x_wconf 82' lang='grc' dir='ltr'>Θεμιστοκλεῖ</span> <span class='ocrx_word' id='word_1_266' title='bbox 437 3746 513 3823; x_wconf 89' lang='grc' dir='ltr'>πέρα</span> <span class='ocrx_word' id='word_1_267' title='bbox 534 3745 586 3805; x_wconf 80' lang='grc' dir='ltr'>τοῦ</span> <span class='ocrx_word' id='word_1_268' title='bbox 606 3741 726 3807; x_wconf 90' lang='grc' dir='ltr'>δέοντος</span> <span class='ocrx_word' id='word_1_269' title='bbox 747 3744 900 3823; x_wconf 80' lang='grc' dir='ltr'>ἐπαίροντι</span> <span class='ocrx_word' id='word_1_270' title='bbox 916 3743 972 3821; x_wconf 85' lang='grc' dir='ltr'>τήν</span> <span class='ocrx_word' id='word_1_271' title='bbox 987 3742 1185 3823; x_wconf 88' lang='grc' dir='ltr'>δημοκρατίαν</span> <span class='ocrx_word' id='word_1_272' title='bbox 1202 3743 1363 3822; x_wconf 89' lang='grc' dir='ltr'>ἀντέβαινε</span> 
     </span>
     <span class='ocr_line' id='line_1_34' title="bbox 210 3841 1364 3928; baseline -0.001 -20"><span class='ocrx_word' id='word_1_273' title='bbox 210 3842 274 3924; x_wconf 90' lang='grc' dir='ltr'>μετ’</span> <span class='ocrx_word' id='word_1_274' title='bbox 287 3841 484 3926; x_wconf 86' lang='grc' dir='ltr'>’Λριστείδου,</span> <span class='ocrx_word' id='word_1_275' title='bbox 501 3846 550 3908; x_wconf 85' lang='grc' dir='ltr'>καὶ</span> <span class='ocrx_word' id='word_1_276' title='bbox 564 3844 638 3926; x_wconf 89' lang='grc' dir='ltr'>πρὸς</span> <span class='ocrx_word' id='word_1_277' title='bbox 652 3843 824 3925; x_wconf 80' lang='grc' dir='ltr'>Ἐφιάλτην</span> <span class='ocrx_word' id='word_1_278' title='bbox 839 3847 966 3926; x_wconf 77' lang='grc' dir='ltr'>ὕστερον</span> <span class='ocrx_word' id='word_1_279' title='bbox 980 3844 1081 3928; x_wconf 89' lang='grc' dir='ltr'>χάριτι</span> <span class='ocrx_word' id='word_1_280' title='bbox 1097 3850 1149 3909; x_wconf 86' lang='grc' dir='ltr'>τοῦ</span> <span class='ocrx_word' id='word_1_281' title='bbox 1165 3843 1259 3925; x_wconf 89' lang='grc' dir='ltr'>δήμου</span> <span class='ocrx_word' id='word_1_282' title='bbox 1275 3870 1364 3909; x_wconf 91' lang='grc' dir='ltr'>κατα-</span> 
     </span>
     <span class='ocr_line' id='line_1_35' title="bbox 211 3946 1365 4033; baseline 0.002 -21"><span class='ocrx_word' id='word_1_283' title='bbox 211 3949 323 4013; x_wconf 81' lang='grc' dir='ltr'>λύοντα</span> <span class='ocrx_word' id='word_1_284' title='bbox 338 3948 392 4028; x_wconf 85' lang='grc' dir='ltr'>τήν</span> <span class='ocrx_word' id='word_1_285' title='bbox 408 3947 444 4028; x_wconf 87' lang='grc' dir='ltr'>ἐξ</span> <span class='ocrx_word' id='word_1_286' title='bbox 453 3946 571 4029; x_wconf 91' lang='grc' dir='ltr'>’Λρείου</span> <span class='ocrx_word' id='word_1_287' title='bbox 586 3947 684 4030; x_wconf 90' lang='grc' dir='ltr'>πάγου</span> <span class='ocrx_word' id='word_1_288' title='bbox 698 3949 818 4029; x_wconf 80' lang='grc' dir='ltr'>βουλήν</span> <span class='ocrx_word' id='word_1_289' title='bbox 829 3951 980 4033; x_wconf 87' lang='grc' dir='ltr'>διηνέχθη,</span> <span class='ocrx_word' id='word_1_290' title='bbox 991 3948 1156 4030; x_wconf 89' lang='grc' dir='ltr'>λημμάτων</span> <span class='ocrx_word' id='word_1_291' title='bbox 1168 3951 1200 4012; x_wconf 81' lang='grc' dir='ltr'>δὲ</span> <span class='ocrx_word' id='word_1_292' title='bbox 1212 3950 1365 4028; x_wconf 91' lang='grc' dir='ltr'>δημοσίων</span> 
     </span>
     <span class='ocr_line' id='line_1_36' title="bbox 212 4048 1366 4134; baseline 0.003 -19"><span class='ocrx_word' id='word_1_293' title='bbox 212 4052 281 4118; x_wconf 79' lang='grc' dir='ltr'>τοὺς</span> <span class='ocrx_word' id='word_1_294' title='bbox 293 4050 407 4117; x_wconf 87' lang='grc' dir='ltr'>ἀλλους</span> <span class='ocrx_word' id='word_1_295' title='bbox 419 4051 500 4130; x_wconf 81' lang='grc' dir='ltr'>πλὴν</span> <span class='ocrx_word' id='word_1_296' title='bbox 511 4048 700 4133; x_wconf 89' lang='grc' dir='ltr'>’Λριστείδου</span> <span class='ocrx_word' id='word_1_297' title='bbox 712 4053 761 4115; x_wconf 87' lang='grc' dir='ltr'>καὶ</span> <span class='ocrx_word' id='word_1_298' title='bbox 772 4050 943 4134; x_wconf 86' lang='grc' dir='ltr'>Ἐφιάλτου</span> <span class='ocrx_word' id='word_1_299' title='bbox 955 4053 1069 4119; x_wconf 88' lang='grc' dir='ltr'>πάντας</span> <span class='ocrx_word' id='word_1_300' title='bbox 1081 4052 1366 4132; x_wconf 86' lang='grc' dir='ltr'>ἀναπιμπλαμένους</span> 
     </span>
     <span class='ocr_line' id='line_1_37' title="bbox 214 4152 1366 4242; baseline 0.002 -24"><span class='ocrx_word' id='word_1_301' title='bbox 214 4156 298 4236; x_wconf 84' lang='grc' dir='ltr'>ἀρῶν,</span> <span class='ocrx_word' id='word_1_302' title='bbox 323 4154 413 4219; x_wconf 85' lang='grc' dir='ltr'>ούτάν</span> <span class='ocrx_word' id='word_1_303' title='bbox 435 4155 604 4219; x_wconf 85' lang='grc' dir='ltr'>ἀδέκαστον</span> <span class='ocrx_word' id='word_1_304' title='bbox 623 4152 672 4219; x_wconf 80' lang='grc' dir='ltr'>καὶ</span> <span class='ocrx_word' id='word_1_305' title='bbox 697 4156 821 4220; x_wconf 89' lang='grc' dir='ltr'>άθικτον</span> <span class='ocrx_word' id='word_1_306' title='bbox 843 4159 876 4220; x_wconf 87' lang='grc' dir='ltr'>ἐν</span> <span class='ocrx_word' id='word_1_307' title='bbox 897 4182 933 4242; x_wconf 78' lang='grc' dir='ltr'>τη</span> <span class='ocrx_word' id='word_1_308' title='bbox 956 4158 1096 4242; x_wconf 79' lang='grc' dir='ltr'>πολιτείᾳ</span> <span class='ocrx_word' id='word_1_309' title='bbox 1116 4157 1295 4237; x_wconf 87' lang='grc' dir='ltr'>δωροδοκίας</span> <span class='ocrx_word' id='word_1_310' title='bbox 1317 4154 1366 4220; x_wconf 75' lang='grc' dir='ltr'>καὶ</span> 
     </span>
     <span class='ocr_line' id='line_1_38' title="bbox 214 4254 1366 4342; baseline -0.002 -19"><span class='ocrx_word' id='word_1_311' title='bbox 214 4257 312 4323; x_wconf 91' lang='grc' dir='ltr'>πάντα</span> <span class='ocrx_word' id='word_1_312' title='bbox 328 4262 436 4340; x_wconf 83' lang='grc' dir='ltr'>προῖκα</span> <span class='ocrx_word' id='word_1_313' title='bbox 448 4254 496 4321; x_wconf 78' lang='grc' dir='ltr'>καὶ</span> <span class='ocrx_word' id='word_1_314' title='bbox 512 4263 646 4339; x_wconf 77' lang='grc' dir='ltr'>καθαρῶς</span> <span class='ocrx_word' id='word_1_315' title='bbox 657 4259 827 4341; x_wconf 88' lang='grc' dir='ltr'>πράττοντα</span> <span class='ocrx_word' id='word_1_316' title='bbox 840 4258 888 4324; x_wconf 78' lang='grc' dir='ltr'>καὶ</span> <span class='ocrx_word' id='word_1_317' title='bbox 900 4260 1031 4342; x_wconf 89' lang='grc' dir='ltr'>λέγοντα</span> <span class='ocrx_word' id='word_1_318' title='bbox 1043 4261 1092 4324; x_wconf 82' lang='grc' dir='ltr'>διὰ</span> <span class='ocrx_word' id='word_1_319' title='bbox 1104 4262 1210 4326; x_wconf 88' lang='grc' dir='ltr'>τέλους</span> <span class='ocrx_word' id='word_1_320' title='bbox 1222 4257 1366 4342; x_wconf 90' lang='grc' dir='ltr'>παρέσχε.</span> 
     </span>
     <span class='ocr_line' id='line_1_39' title="bbox 214 4358 1368 4445; baseline 0.004 -21"><span class='ocrx_word' id='word_1_321' title='bbox 214 4361 339 4444; x_wconf 87' lang='grc' dir='ltr'>λέγεταί</span> <span class='ocrx_word' id='word_1_322' title='bbox 353 4361 390 4443; x_wconf 90' lang='grc' dir='ltr'>γέ</span> <span class='ocrx_word' id='word_1_323' title='bbox 403 4387 450 4426; x_wconf 93' lang='grc' dir='ltr'>τοι</span> <span class='ocrx_word' id='word_1_324' title='bbox 465 4358 625 4441; x_wconf 78' lang='grc' dir='ltr'>Ῥοισάκην</span> <span class='ocrx_word' id='word_1_325' title='bbox 639 4366 708 4429; x_wconf 78' lang='grc' dir='ltr'>τινὰ</span> <span class='ocrx_word' id='word_1_326' title='bbox 722 4362 884 4445; x_wconf 88' lang='grc' dir='ltr'>βάρβαρον</span> <span class='ocrx_word' id='word_1_327' title='bbox 900 4364 1075 4443; x_wconf 82' lang='grc' dir='ltr'>ἀποστάτην</span> <span class='ocrx_word' id='word_1_328' title='bbox 1090 4363 1249 4442; x_wconf 88' lang='grc' dir='ltr'>βασιλέως</span> <span class='ocrx_word' id='word_1_329' title='bbox 1264 4365 1368 4429; x_wconf 84' lang='grc' dir='ltr'>ἐλθεῖν</span> 
     </span>
     <span class='ocr_line' id='line_1_40' title="bbox 214 4464 1367 4550; baseline 0.002 -19"><span class='ocrx_word' id='word_1_330' title='bbox 214 4468 290 4547; x_wconf 85' lang='grc' dir='ltr'>μετά</span> <span class='ocrx_word' id='word_1_331' title='bbox 315 4464 476 4550; x_wconf 85' lang='grc' dir='ltr'>χρημάτων</span> <span class='ocrx_word' id='word_1_332' title='bbox 499 4472 625 4532; x_wconf 88' lang='grc' dir='ltr'>πολλῶν</span> <span class='ocrx_word' id='word_1_333' title='bbox 648 4469 691 4534; x_wconf 84' lang='grc' dir='ltr'>είς</span> <span class='ocrx_word' id='word_1_334' title='bbox 713 4465 852 4546; x_wconf 88' lang='grc' dir='ltr'>Ἀθήνας,</span> <span class='ocrx_word' id='word_1_335' title='bbox 874 4465 923 4532; x_wconf 79' lang='grc' dir='ltr'>καὶ</span> <span class='ocrx_word' id='word_1_336' title='bbox 950 4468 1197 4549; x_wconf 91' lang='grc' dir='ltr'>σπαραττόμενον</span> <span class='ocrx_word' id='word_1_337' title='bbox 1222 4469 1280 4532; x_wconf 89' lang='grc' dir='ltr'>ύπδ</span> <span class='ocrx_word' id='word_1_338' title='bbox 1306 4472 1367 4533; x_wconf 88' lang='grc' dir='ltr'>τῶν</span> 
     </span>
    </p>
   </div>
   <div class='ocr_carea' id='block_1_5' title="bbox 0 0 1527 5046">
    <p class='ocr_par' dir='ltr' id='par_1_12' title="bbox 0 0 1527 5046">
     <span class='ocr_line' id='line_1_41' title="bbox 0 0 1527 5046; baseline 0 0"><span class='ocrx_word' id='word_1_339' title='bbox 0 0 1527 5046; x_wconf 95' lang='lat' dir='ltr'> </span> 
     </span>
    </p>
   </div>
  </div>
 </body>
</html>
