3000 5046
163 383 277 449 outo]
496 376 583 435 THE
607 376 840 435 ATHENIAN
872 376 915 436 CI
916 377 943 435 T
944 377 977 437 Y.
1260 374 1317 450 187

480 707 550 764 The
570 703 738 765 rhemon
760 703 829 761 and
852 703 1003 762 uhesoia.

209 835 270 903 See
286 847 354 904 111.
371 849 424 915 ae,
441 848 490 918 οι,
503 850 556 904 υς.

208 968 261 1023 64
284 958 385 1025 Thuc.
401 959 446 1024 vi.
464 959 515 1024 61.
532 979 561 1026 2.

210 1091 263 1145 66.
285 1079 384 1146 Diod.
394 1080 440 1146 iv.
451 1081 501 1147 62.
511 1100 552 1159 4:
575 1082 617 1147 Οἱ
628 1082 661 1145 δὲ
670 1078 825 1158 Ἀθηναῖοι
841 1126 849 1143 .
867 1127 874 1142 .
891 1126 899 1143 .
914 1078 994 1145 τότε
1007 1079 1085 1143 θστά
1096 1074 1163 1164 (τοῦ
1174 1077 1318 1163 Θησέως)

164 1184 349 1268 μετήνεγκαν
369 1187 419 1250 καὶ
440 1189 540 1263 τιμαῖς
563 1184 693 1252 ίσοθέοις
715 1185 862 1265 ἐτίμησαν
883 1183 983 1261 αὐτόν,
1000 1180 1049 1248 καί
1063 1182 1185 1265 τέμενος
1200 1181 1317 1247 άσυλον

165 1289 314 1368 ἐποίησαν
328 1291 362 1353 έν
376 1293 442 1357 ταῖς
461 1288 603 1367 Ἀθήναις
618 1289 652 1352 τὸ
667 1290 966 1372 προσαγορευόμενον
981 1287 1032 1352 ἀπ’
1045 1289 1159 1352 ἐκείνου
1172 1290 1317 1367 Θησεῖον.

209 1420 265 1474 66.
288 1408 448 1496 Ηοτροοτ.
466 1411 686 1492 Πολόγνωτοςτ
710 1458 717 1474 .
735 1459 742 1475 .
759 1457 768 1474 .
783 1406 851 1491 περὶ
865 1409 1068 1488 Πολυγνώτου
1079 1413 1131 1472 τοῦ
1148 1406 1317 1490 ζωγράφον,

167 1514 288 1577 Θασίου
306 1517 361 1593 μὲν
381 1514 416 1578 τά
435 1513 533 1596 γένος,
547 1517 613 1579 υίοΰ
633 1517 665 1578 ἀὲ
688 1513 736 1578 καὶ
758 1517 892 1594 μαθητοῦ
905 1511 1152 1595 Ἀγλαοφῶντος,
1172 1511 1316 1593 τυχόντος

166 1618 199 1681 δὲ
221 1619 275 1693 τῆς
297 1618 465 1696 Ἀθηναίων
486 1619 641 1684 πολιτείας
662 1617 728 1698 ἤτοι
752 1614 818 1683 ἐπεὶ
838 1617 896 1698 τήν
915 1617 1066 1695 Ποικίλην
1084 1614 1179 1681 στοάν
1198 1615 1316 1697 ἔγραψε

166 1726 282 1802 προῖκα,
304 1719 324 1801 ἢ
349 1722 388 1786 ῶς
414 1723 518 1804 έτεροι,
541 1725 595 1788 τάς
620 1724 654 1786 έν
677 1724 719 1807 τῷ
741 1722 866 1806 Θησείῳ
888 1719 937 1785 καὶ
959 1721 1000 1806 τῳ
1019 1717 1164 1805 Ἀνακείῳ
1185 1718 1316 1804 γραφάς,

167 1826 362 1909 ἱστορήκασιν
381 1827 473 1890 άλλοι
492 1851 525 1890 τε
547 1827 595 1890 καὶ
615 1824 767 1908 Ἀρτέμων
782 1827 815 1891 έν
830 1825 870 1911 τῷ
883 1824 951 1907 περὶ
968 1823 1134 1908 ζωγράφων
1149 1825 1198 1888 καί
1211 1823 1316 1903 Ἰόβας

166 1932 200 1996 έν
214 1935 276 1998 τοῖς
291 1929 358 2011 περὶ
373 1934 531 2014 γραφικής.

210 2060 262 2116 67.
286 2049 426 2116 Suidas:
451 2050 663 2133 Πολύγνωτος,
685 2049 769 2116 οὗτος
797 2048 954 2131 ζωγράφος
975 2049 1031 2129 μέν
1057 2046 1093 2127 ήν
1118 2048 1174 2128 τήν
1196 2048 1317 2130 τέχνην,

168 2154 287 2221 Θάσιος
309 2157 341 2218 δὲ
363 2160 398 2218 τὸ
421 2153 517 2238 γένος,
539 2155 602 2222 υίάς
625 2159 656 2217 δὲ
680 2155 729 2218 καὶ
750 2152 882 2234 μαθητής
899 2151 1145 2236 Ἀγλαοφῶντος,
1160 2152 1261 2233 τυχῶν
1283 2155 1316 2216 δὲ

166 2259 220 2335 τῆς
233 2255 402 2337 Ἀθηναίων
413 2256 603 2337 πολιτείας,ή
616 2255 682 2322 έπεὶ
697 2257 751 2337 τήν
759 2258 911 2337 Ποικίλην
927 2258 1023 2320 στοάν
1035 2255 1188 2338 ἀνέγραψε
1199 2259 1318 2338 προῖκα,

166 2358 185 2440 ἢ
201 2361 240 2428 ῶς
256 2361 331 2425 ένιοι
346 2361 399 2428 τὰς
415 2364 447 2426 έν
462 2364 502 2447 τῷ
516 2361 666 2447 Θησαυρῷ
678 2358 725 2425 καὶ
740 2364 794 2429 τάς
809 2363 842 2425 έν
856 2360 1004 2444 Ἀνακείῳ
1019 2358 1148 2442 γραφάς.

210 2487 228 2515 “
240 2482 398 2567 Θησαυρῷ]
414 2481 476 2567 leg.
493 2481 621 2562 Θησέως
637 2483 715 2566 ἱερῷ.
759 2479 856 2545 Puus.
873 2481 910 2544 in
931 2479 1055 2545 Atticis
1080 2478 1151 2544 eius
1168 2478 1317 2565 picturas

167 2584 290 2650 Miooni
314 2585 444 2662 tribuit,
460 2584 577 2672 templi
601 2607 680 2651 vero
700 2582 878 2650 Castorum
899 2582 1094 2669 Polygnoto.
1138 2586 1317 2647 esttamen

168 2689 331 2771 Θησαυρός
358 2689 475 2754 domus
501 2688 644 2755 Athenis
674 2691 717 2755 είς
747 2687 930 2773 ἀγαλμάτων
960 2688 1008 2750 καὶ
1037 2685 1199 2770 χρημάτων
1229 2687 1317 2766 ίερῶν

167 2793 326 2858 ἀπόθεσιν.
348 2788 493 2878 Hesyuh.
515 2792 644 2858 Βαίτιος.
669 2795 703 2857 έν
724 2791 766 2880 τῷ
788 2792 912 2878 Θησείῳ
928 2789 1174 2856 Valckenarius
1220 2787 1316 2874 Opis·

167 2895 363 2961 thodomum
379 2896 617 2981 interpretatur
631 2896 820 2982 Bottigerus
835 2916 866 2981 p.
886 2893 977 2978 270.”
1024 2893 1229 2977 Bernhardy.

212 3028 268 3082 66.
291 3017 448 3083 Photius:
472 3017 674 3100 Πολύγνωτος
688 3016 803 3082 eadem
818 3037 857 3081 ac
873 3015 993 3080 Suidas
1008 3012 1122 3080 trudit.

212 3150 267 3204 66.
290 3137 386 3203 Pauo.
402 3136 424 3204 i.
443 3154 491 3221 17.
510 3156 547 3204 2:
573 3138 655 3218 Πρὸς
677 3139 710 3203 δὲ
732 3135 773 3223 τῷ
789 3138 945 3223 γυμνασίῳ
969 3136 1098 3214 Θησέως
1121 3132 1205 3200 έστὶν
1228 3136 1317 3216 ίερόν·

166 3239 283 3324 γραφαὶ
298 3242 332 3307 δέ
351 3245 413 3308 είσι
434 3243 507 3325 πρὸς
529 3242 695 3322 Ἀμαζόνας
715 3240 873 3322 Ἀθηναῖοι
894 3241 1061 3323 μαχόμενοι
1077 3289 1084 3302 .
1102 3286 1109 3302 .
1127 3287 1134 3302 .
1150 3237 1319 3322 γέγραπται

168 3350 201 3410 δὲ
217 3348 250 3410 ἐν
264 3348 304 3431 τῷ
322 3353 375 3410 τοῦ
397 3347 525 3425 Θησέως
546 3347 615 3432 ἱερῷ
638 3344 686 3410 καί
708 3345 726 3425 ή
750 3345 926 3426 Κενταύρων
947 3342 996 3407 καὶ
1012 3342 1050 3427 [ἡ]
1066 3346 1210 3408 Λαπιθῶν
1223 3342 1317 3426 μάχη.

167 3497 175 3513 .
192 3494 201 3514 .
217 3498 225 3514 .
240 3445 288 3536 (3)
309 3454 362 3513 τοῦ
376 3452 409 3514 δὲ
422 3451 521 3530 τρίτου
536 3458 595 3515 τῶν
610 3450 720 3532 τοίχων
735 3447 753 3527 ή
769 3448 871 3530 γραφή
887 3447 928 3526 μή
944 3445 1121 3524 πυθομένοις
1136 3446 1155 3509 ἀ
1170 3444 1318 3526 λέγουσιν

168 3553 203 3616 οὐ
226 3552 328 3635 σαφής
350 3555 444 3630 ἐστιν,
459 3557 496 3617 τά
516 3551 573 3634 μέν
596 3578 654 3616 που
676 3555 726 3616 uo
748 3557 801 3617 τάν
821 3553 941 3635 χρόνον,
961 3548 999 3612 τά
1021 3553 1053 3613 ἀὲ
1078 3550 1185 3614 Μίκων
1208 3549 1244 3613 οὐ
1265 3555 1318 3614 τὸν

167 3657 267 3721 πάντα
296 3657 413 3740 ἔγραφε
437 3658 541 3740 λόγον.
594 3654 643 3742 (3)
675 3657 780 3722 Μίνως
804 3655 893 3734 ήνίκα
923 3653 1031 3732 Θησέα
1061 3650 1109 3716 καί
1138 3657 1190 3717 τὸν
1220 3652 1317 3718 ἀλλον

169 3761 283 3826 στόλου
298 3767 357 3825 τῶν
373 3762 487 3825 παίδων
502 3759 575 3844 ήγεν
590 3764 621 3828 ές
637 3758 756 3841 Κρήτην
771 3767 859 3823 κ.τ.λ.

483 4043 606 4102 Publio
629 4043 755 4100 Works
777 4042 817 4100 ot
833 4042 1000 4100 Perikles.

212 4204 265 4261 70.
289 4192 377 4258 Plut.
393 4191 470 4258 Per.
490 4211 529 4258 12
542 4216 549 4255 :
566 4191 611 4256 *Ο
626 4194 659 4256 δὲ
673 4192 824 4271 πλείστην
838 4193 894 4272 μὲν
906 4189 1019 4270 ήάονήν
1033 4195 1099 4255 ταῖς
1113 4187 1255 4266 Ἀθήναις
1270 4187 1319 4251 καὶ

169 4299 283 4378 κόσμον
303 4296 419 4380 ἤνεγκε,
434 4298 582 4380 μεγίστην
602 4299 634 4360 ἀὲ
655 4299 718 4362 τοῖς
731 4295 847 4361 ’ἀλλοις
870 4292 1016 4374 ἔκπληξιν
1036 4293 1211 4376 ἀνθρώποις,
1225 4291 1319 4371 μόνον

169 4404 201 4467 ἀὲ
217 4402 252 4489 τῇ
267 4400 397 4464 Ἑλλάδι
413 4404 563 4482 μαρτυρεῖ,
577 4399 618 4480 μή
633 4399 801 4481 ψεύδεσθαι
820 4397 874 4475 τήν
897 4397 1064 4479 λεγομένην
1083 4397 1207 4477 δύναμιν
1227 4394 1319 4470 αὐτῆς

169 4507 286 4586 έκείνην
303 4507 351 4570 καὶ
367 4511 420 4570 τὸν
435 4510 567 4570 παλαιὸν
591 4505 699 4584 ὄλβον,
714 4501 733 4582 ή
749 4511 810 4570 τῶν
826 4500 1024 4582 ἀναθημάτων
1039 4497 1216 4580 κατασκευή,
1232 4501 1319 4562 τοῦτο
