3000 5046
549 372 636 431 THE
664 372 875 432 WESTERN
898 372 1074 432 GREEKS.
1227 384 1291 451 [σα
1301 388 1392 437 Vm.

726 691 890 763 Rhegion.

256 841 388 908 Hieron
408 839 582 925 interforee
603 860 648 904 ου
670 837 785 925 διδοῖ]
801 838 841 925 os
857 838 909 904 θισ
930 838 1084 905 children
1106 838 1144 922 of
1161 838 1366 907 Απασῖθαος.

277 1006 350 1061 133.
372 993 469 1060 Diod.
485 993 532 1058 xi.
549 994 612 1056 66:
634 992 704 1058 Ἐπ’
723 993 868 1076 ἀρχοντος
886 990 913 1060 δ’
931 992 1081 1075 Ἀθήνησι
1102 992 1361 1077 Λυσιστράτου..
1380 1043 1387 1060 .

235 1098 284 1166 έπῖ
309 1105 343 1167 δὲ
368 1100 481 1165 τούτων
504 1097 606 1178 Ἱέρων
629 1099 646 1160 δ
668 1104 729 1164 τῶν
755 1098 950 1180 Συρακοσίων
973 1100 1124 1178 βασιλεὺς
1146 1100 1216 1166 τοὺς
1239 1098 1388 1180 Ἀναξίλα

235 1210 342 1269 παῖδας
375 1208 428 1267 τοῦ
457 1201 620 1285 γευομένου
649 1201 794 1284 τυράννου
827 1200 969 1285 Ζάγκλης
1002 1205 1046 1269 είς
1075 1203 1268 1284 Συρακούσας
1296 1229 1388 1285 μετα-

234 1307 431 1388 πεμψάμενος
451 1304 599 1387 μεγάλαις
622 1309 746 1386 δωρεαῖς
767 1308 971 1386 ἀνεμίμνησκε
992 1310 1045 1385 τῆς
1066 1306 1204 1372 Γέλωνος
1222 1305 1389 1390 γενομένης

234 1410 308 1492 πρδς
322 1418 376 1474 τὸν
391 1409 505 1491 πατέρα
524 1410 620 1474 αύτῶν
641 1409 822 1492 εὐεργεσίας,
837 1406 886 1474 καί
906 1411 1129 1491 συνεβούλευεν
1143 1410 1244 1478 αύτοῖς
1260 1409 1316 1490 ἤδη
1332 1411 1389 1491 τὴν

233 1513 353 1594 ἡλικίαν
377 1512 577 1595 ἠνδρωμένοις
603 1514 771 1592 ἀπαιτῆσαι
796 1512 892 1597 λύγον
916 1517 999 1596 παρὰ
1025 1514 1163 1578 Μικύθου
1188 1519 1243 1578 τοῖν
1268 1516 1388 1595 έπιτρο-

233 1617 386 1696 πεύοντος,
414 1613 463 1681 καί
488 1617 544 1695 τὴν
570 1617 747 1682 δυναστείαν
772 1616 879 1685 αύτοδς
906 1622 1107 1699 παραλαβεῖν.
1153 1613 1202 1703 (2)
1223 1617 1337 1681 τούτων
1360 1616 1386 1682 δ’

234 1722 463 1786 έπανελθάντων
483 1723 526 1787 είς
546 1727 581 1785 τδ
599 1719 728 1804 Ῥήγιον,
747 1718 795 1785 καὶ
814 1727 867 1787 τδν
884 1724 1048 1803 έπίτροπου
1066 1722 1162 1804 λύγον
1180 1721 1388 1788 ἀπαιτούντων

233 1831 294 1890 τῶν
313 1823 515 1910 διῳκημένων,
532 1825 549 1887 δ
565 1825 710 1901 Μίκυθος,
726 1825 801 1905 ἀνὴρ
822 1823 864 1888 δν
882 1826 1005 1908 ἀγαθός,
1021 1824 1175 1908 συνήγαγε
1194 1824 1264 1892 τοὺς
1280 1850 1387 1907 πατρι-

235 1928 303 1996 κοδς
326 1931 436 2010 φίλους
457 1934 517 1992 τῶν
539 1930 655 1994 παίδων
681 1930 730 1994 καὶ
755 1929 809 1993 τδν
833 1930 928 2011 λόγον
953 1930 1029 1993 οὕτω
1056 1933 1193 2010 καθαριῖς
1220 1927 1386 2008 ἀπέδωκεν,

233 2033 314 2097 ὥστε
329 2032 463 2098 ἅπαντας
481 2030 550 2097 τοὺς
570 2032 720 2114 παρόντας
740 2032 900 2110 θαυμάζειν
917 2030 972 2111 τήν
991 2057 1024 2097 τε
1045 2032 1239 2110 δικαιοσύνην
1260 2029 1308 2095 καὶ
1330 2033 1387 2112 τὴν

233 2137 347 2214 πίστιν,
369 2134 437 2202 τοὺς
459 2135 492 2198 δέ
513 2139 623 2202 παῖδας
641 2135 903 2216 μεταμεληθέντας
922 2133 971 2200 ἐπὶ
991 2142 1054 2202 τοῖς
1073 2140 1257 2218 πραχθεῖσιν
1279 2135 1386 2214 ἀξιοῦν

233 2239 287 2304 τδν
313 2240 451 2303 Μίκυθον
476 2237 570 2304 πάλιν
596 2240 651 2319 την
677 2240 774 2321 ἀρχὴν
800 2245 1003 2320 παραλαβεῖν,
1029 2237 1077 2303 καῖ
1104 2245 1216 2321 πατρὸς
1243 2236 1385 2317 ἐξουσίαν

233 2344 344 2425 έχοντα
367 2343 415 2407 καὶ
438 2341 523 2421 τάξιν
546 2347 669 2408 διοικεῖν
690 2343 728 2406 τὰ
751 2345 826 2406 κατὰ
848 2346 904 2422 τὴν
926 2344 1112 2409 δυναστείαν.
1157 2338 1206 2427 (3)
1228 2343 1263 2405 ού
1285 2342 1345 2422 μὴν
1368 2345 1386 2406 δ

234 2448 369 2512 Μίκυθός
394 2471 429 2527 γε
455 2448 677 2529 συνεχώρησεν,
703 2448 784 2511 ἀλλὰ
805 2446 903 2512 πάντα
925 2445 1075 2528 παραδοὺς
1100 2446 1235 2528 ἀκριβῶς
1258 2443 1307 2510 καῖ
1329 2448 1386 2526 τὴν

233 2552 313 2615 ίδίαν
334 2550 441 2614 ούσίαυ
464 2549 620 2629 ένθέμενος
639 2553 683 2618 είς
701 2556 811 2617 πλοῖον
831 2550 1017 2630 έξέπλευσεν
1038 2552 1071 2615 έκ
1092 2555 1146 2614 τοῦ
1165 2549 1295 2633 Ῥηγίου,
1311 2577 1385 2633 προ-

215 2655 423 2735 ’πεμπύμενος
445 2655 502 2716 ύπδ
526 2657 579 2732 τῆς
604 2660 665 2720 τιῖν
689 2657 794 2738 ὄχλων
818 2655 944 2722 εύυοίας.
990 2655 1077 2721 οὗτος
1099 2656 1156 2735 μὲν
1182 2653 1234 2719 οὖν
1260 2656 1304 2720 εἰς
1328 2655 1386 2734 τὴν

230 2756 370 2851 Ἐλλάδα
386 2753 514 2840 κατάρας
530 2759 562 2823 έν
575 2757 704 2841 Τεγέαις
719 2763 771 2838 τῆς
786 2757 946 2839 Ἀρκαδίας
962 2759 1149 2833 κατεβίωσεν
1160 2758 1385 2839 έπαιυούμενος.

275 2889 345 2944 133.
375 2875 474 2942 Dion.
498 2875 574 2942 Hal
601 2899 659 2943 xx.
687 2893 704 2961 7
733 2875 799 2963 (19.
822 2880 873 2970 4):
903 2878 1066 2960 Ἀναξίλας
1096 2880 1128 2944 δὲ
1154 2875 1302 2960 Ῥηγίνων
1328 2878 1386 2957 τὴν

232 2983 398 3064 ἀκρόπολιν
424 2981 622 3061 κατελάβετο,
649 2979 698 3046 καὶ
721 2981 817 3048 πάντα
840 2990 892 3048 τδν
914 2989 967 3047 τοῦ
989 2985 1062 3063 βίου
1084 2982 1196 3067 χρόνον
1222 2983 1386 3067 κατασχὼν

232 3087 385 3166 Λεύφρουι
400 3084 441 3168 τῷ
457 3082 541 3149 παιδὶ
557 3085 611 3163 τὴν
627 3087 723 3168 ἀρχὴν
742 3087 896 3152 κατέλιπε.

276 3186 386 3253 Schol.
403 3185 498 3250 Pind.
514 3185 610 3273 Ργθι.
626 3189 661 3254 ii.
679 3208 733 3274 34.
779 3188 840 3255 See
855 3189 962 3256 above
976 3200 1031 3254 54.

571 3397 789 3465 Dedicat-ione
810 3397 849 3485 of
864 3398 1039 3484 Μῖίτγίάοο.

275 3549 346 3604 134.
369 3537 452 3602 Hdt.
469 3534 526 3601 vii.
545 3553 616 3620 170.

274 3672 346 3726 133.
370 3659 465 3724 Paus.
488 3680 520 3722 v.
547 3678 597 3738 24.
621 3661 659 3722 6:
678 3657 770 3724 Ἔστι
792 3661 826 3724 δέ
848 3656 897 3723 καί
923 3662 1019 3727 ἀλλος
1046 3659 1121 3727 Ζεὺς
1147 3659 1200 3724 ούκ
1229 3660 1309 3743 ἔχων
1335 3686 1383 3724 πω

230 3766 344 3847 γένεια,
360 3767 456 3827 κεῖται
471 3763 503 3826 δέ
521 3764 554 3827 έν
568 3768 631 3829 τοῖς
647 3762 819 3844 ἀναθήμασι
833 3769 897 3830 τοῖς
914 3765 1059 3828 Μικύθου.

274 3895 344 3949 136.
366 3880 457 3945 Ibid.
476 3884 527 3945 26.
546 3901 582 3945 2:
605 3887 653 3945 Τὰ
673 3885 706 3947 δὲ
725 3881 900 3962 ἀναθήματα
920 3885 1057 3948 Μικύθου
1077 3884 1181 3948 πολλά
1201 3902 1234 3949 τε
1255 3884 1384 3966 ἀριθμὸν

232 3984 280 4050 καὶ
303 3986 356 4049 οὐκ
379 3985 488 4067 ἑφεξῆς
511 3987 583 4048 ὄντα
605 3989 752 4067 εὕρισκον,
776 3989 856 4050 ἀλλὰ
879 3988 995 4069 Ἰφίτου
1020 3990 1075 4069 μὲν
1101 3995 1154 4052 τοῦ
1179 3987 1307 4052 Ἠλείου
1334 3985 1383 4052 καί

231 4087 418 4173 Ἐκεχειρίας
434 4089 644 4169 στεφανούσης
659 4095 711 4153 τδν
723 4088 848 4172 Ἴφιτον,
863 4093 976 4157 τούτων
992 4095 1048 4172 μὲν
1063 4099 1123 4157 τιῖν
1139 4093 1262 4157 εἰκόνων
1278 4093 1383 4176 ἔχεται

230 4191 341 4255 τοσάδε
369 4190 545 4270 ἀναθήματα
571 4197 623 4256 τοῦ
651 4193 797 4270 Μικύθου,
819 4193 998 4277 Ἀμφιτρίτη
1023 4199 1071 4260 καὶ
1095 4201 1255 4260 Ποσειδῶν
1278 4219 1311 4259 τε
1334 4198 1383 4257 καί

229 4294 347 4358 Ἑστία·
377 4299 511 4362 Γλαῦκος
532 4296 566 4359 δέ
588 4296 605 4358 δ
627 4295 757 4375 ποιήσας
779 4297 862 4362 ἐστὶν
884 4299 1032 4380 Ἀργεῖος.
1077 4303 1156 4381 παρὰ
1177 4300 1212 4362 δέ
1233 4303 1286 4362 τοῦ
1308 4304 1383 4364 ναοῦ

230 4402 283 4461 τοῦ
307 4397 442 4481 μεγάλου
464 4397 519 4477 την
540 4399 573 4462 έυ
594 4400 737 4484 ἀριστερᾷ
759 4401 894 4482 πλευρὰν
917 4403 1063 4482 ἀνέθηκεν
1086 4404 1178 4479 ἀλλα,
1202 4403 1304 4483 Κόρην
1326 4402 1383 4480 τὴν

231 4498 391 4585 Δήμητρος
418 4503 467 4566 καί
489 4501 669 4585 Ἀφροδίτην
695 4503 872 4585 Γανυμήδην
894 4531 926 4572 τε
949 4503 998 4570 καὶ
1018 4505 1170 4588 Ἄρτεμιν,
1195 4510 1327 4584 ποιητῶν
1349 4508 1382 4568 δὲ
