3000 5046
169 309 227 368 108
377 310 608 369 EXTERNAL
635 310 834 369 HISTORY
857 309 914 368 OF
934 308 1119 379 ATHENS,
1183 317 1245 382 [ου.
1258 319 1319 367 111.

168 503 396 586 διηγωνίσαντο.
448 501 497 590 (3)
519 508 644 568 δοκοῦσι
668 506 727 586 γδρ
749 505 779 567 οἰ
802 501 928 567 Βοιωτοὶ
950 505 1027 567 κατὰ
1053 505 1107 569 τάς
1132 507 1193 565 τῶν
1214 505 1321 566 δεινῶν

167 606 320 686 ὑπομονὰς
336 609 385 670 καὶ
400 608 468 673 τοὺς
483 606 665 685 πολεμικούς
680 609 799 689 ἀγῶνας
813 612 941 686 μηδενδς
951 607 1115 672 λείπεσθαι
1130 611 1190 668 τῶν
1205 605 1322 669 ἀλλων·

169 712 296 791 ὕστερον
310 717 384 793 γοῦν
395 710 479 775 αύτοί
495 715 632 792 Θηβαῖοι
649 708 715 792 περί
732 716 865 794 Λεῦκτρα
881 712 930 776 καί
943 711 1130 775 Μαντίνειαν
1144 709 1232 789 μόνοι
1247 709 1323 790 πρὸς

170 816 423 894 Λακεδαιμονίους
439 815 573 882 ἀπαντας
595 812 643 879 καί
664 814 733 882 τοδς
756 813 932 898 συμμάχους
951 812 1195 895 παραταξάμενοι
1215 813 1323 895 μεγίσ-

170 944 225 998 την
244 922 301 996 μέν
323 918 416 998 δόξαν
440 919 487 984 ἐπ’
510 921 632 1004 ἀνδρείᾳ
655 917 886 998 κατεκτήσαντο,
900 921 954 996 τῆς
974 917 999 982 δ’
1021 916 1175 984 Ἑλλάδος
1200 916 1324 996 ἀπάσης

170 1021 315 1104 ἡγεμόνες
331 1024 520 1089 ἀνελπίστως
542 1023 739 1106 ἐγενήθησαν.
784 1020 835 1110 (4)
857 1028 917 1087 τῶν
935 1025 968 1086 δέ
989 1021 1199 1103 συγγραφέων,
1215 1020 1324 1097 καίπερ

171 1129 224 1205 τῆς
246 1126 344 1209 μάχης
366 1128 475 1205 ταύτης
498 1130 665 1209 ἐπιφανοῦς
688 1127 902 1210 γεγενημένης,
922 1126 1019 1192 οὐδεὶς
1043 1126 1111 1190 ούτε
1135 1124 1188 1188 τδν
1211 1126 1325 1206 τρόπον

173 1229 262 1309 αύτὴς
288 1230 356 1295 ούτε
381 1232 436 1310 τὴν
459 1229 596 1310 διάταξιν
618 1232 782 1314 ἀνέγραψε.
827 1232 1007 1312 Μυρωνίδης
1027 1232 1084 1311 μὲν
1107 1228 1160 1293 ούν
1182 1230 1327 1308 ἐπιφανεῖ

171 1332 254 1420 μάχῃ
286 1334 411 1414 νικήσας
440 1335 509 1401 τοὺς
535 1335 683 1403 Βοιωτοὺς
714 1335 876 1414 ἐνάμιλλος
905 1331 1032 1416 ἐγενήθη
1062 1339 1124 1400 τοῖς
1151 1338 1209 1413 πρὸ
1235 1331 1326 1394 αὐτοῦ

172 1437 345 1520 γενομένοις
365 1438 514 1521 ἡγεμόσιν
534 1438 799 1520 ἐπιφανεστάτοις,
816 1441 1021 1518 Θεμιστοκλεῖ
1040 1435 1090 1502 καί
1106 1434 1260 1523 Μιλτιάδη
1276 1432 1326 1498 καί

175 1543 297 1620 Κίμωνι.
344 1540 391 1629 (5)
415 1544 432 1605 δ
455 1545 487 1606 δὲ
513 1545 690 1623 Μυρωνίδης
709 1545 786 1622 μετὰ
805 1542 860 1621 τὴν
879 1541 1044 1624 γενομένην
1065 1541 1150 1619 νίκην
1164 1538 1328 1621 Τάναγραν

174 1650 230 1726 μέν
258 1644 507 1728 ἐκπολιορκήσας,
539 1653 692 1727 περιεῖλεν
722 1647 812 1726 αύτὴς
837 1648 874 1710 τὰ
904 1647 1001 1728 τείχη,
1032 1646 1088 1725 τὴν
1116 1649 1150 1709 δέ
1179 1644 1328 1708 Βοιωτίαν

175 1749 298 1813 άπασαν
321 1751 414 1814 ἐπιὸν
437 1750 541 1831 ἐτεμνε
566 1750 615 1816 καὶ
640 1751 819 1832 κατέφθειρε
846 1751 977 1816 καὶτοῖς
1002 1749 1200 1831 στρατιώταις
1218 1747 1329 1811 διελὼν

175 1856 213 1915 τὸ
228 1853 350 1933 λάφυρα
365 1854 479 1920 πάντας
497 1853 661 1935 ὠφελείαις
676 1857 780 1937 δδραῖς
795 1856 974 1933 ἐκόσμησεν.

221 1957 289 2046 (83)
312 1961 353 2022 Οἰ
376 1961 409 2022 δέ
434 1957 558 2023 Βοιωτοὶ
581 1959 817 2040 παροξυνθέντες
839 1957 889 2023 ἐπί
912 1959 948 2045 τῇ
972 1957 1120 2041 διαφθορᾷ
1144 1960 1197 2036 τῆς
1219 1956 1328 2038 χάρας,

177 2061 431 2144 συνεστράφησαν
466 2065 623 2144 πανδημεί,
653 2063 701 2126 καὶ
738 2062 976 2144 στρατεύσαντες
1011 2059 1157 2143 ἤθροισαν
1193 2058 1330 2141 μεγάλην

178 2166 311 2244 δύναμιν.
357 2165 520 2248 γενομένης
544 2171 577 2231 δὲ
600 2166 699 2250 μάχης
721 2168 754 2230 ἐν
769 2167 954 2247 Οἰνοφύτοις
973 2168 1026 2242 Τῆς
1047 2164 1202 2241 Βοιωτίας,
1223 2163 1273 2226 καὶ
1295 2167 1330 2224 τδ

178 2270 277 2334 δεινὸν
293 2269 470 2351 ἀμφοτέρων
484 2275 550 2337 ταῖς
571 2275 687 2354 ψυχαῖς
708 2269 879 2352 ἐρρωμένως
899 2268 1117 2349 ὑπομενόντων,
1134 2266 1331 2347 διημέρευσαν

179 2373 257 2459 ἐντῇ
265 2372 359 2457 μάχη·
374 2374 462 2455 μόγις
475 2378 506 2439 δὲ
519 2374 756 2452 τῶνἈθηναίων
770 2373 967 2454 τρεψαμένων
978 2372 1046 2437 τοὺς
1057 2370 1214 2446 Βοιωτούς,
1230 2371 1247 2432 δ
1265 2373 1331 2432 Μυ-

180 2477 305 2559 ρωνίδης
320 2482 429 2542 πασῶν
440 2485 501 2543 τῶν
511 2480 585 2542 κατδ
596 2479 651 2557 τὴν
667 2478 814 2541 Βοιωτίαν
826 2478 945 2542 πόλεων
961 2474 1106 2558 ἐγκρατὴς
1122 2473 1240 2556 ἐγένετο
1249 2471 1332 2550 πλὴν

181 2582 307 2660 Θηβῶν.
352 2577 401 2669 (2)
424 2583 499 2658 μετὰ
515 2584 548 2646 δέ
562 2586 656 2645 ταῦτα
670 2584 703 2644 ἐκ
718 2583 771 2659 τῆς
793 2581 936 2647 Βοιωτίας
951 2575 1112 2656 ἀναζεύξας
1132 2573 1333 2657 ἐστράτευσεν

181 2684 231 2746 ἐπὶ
248 2683 380 2766 Λοκροὺς
400 2683 468 2751 τοὺς
488 2685 725 2764 ὀνομαζομένους
742 2685 946 2750 Ὀπουντίους.
992 2682 1113 2748 τούτους
1128 2683 1161 2745 δέ
1177 2677 1214 2759 ἐξ
1222 2679 1334 2759 ἐφόδου

181 2784 415 2870 χειρωσάμενος,
431 2786 479 2851 καί
494 2790 603 2868 λαβὼν
618 2788 755 2870 ὁμήρους,
772 2789 921 2869 ἐνέβαλεν
935 2789 978 2854 εἰς
993 2787 1049 2866 τὴν
1064 2786 1251 2867 Παρνασίαν.

227 2919 301 2973 108.
325 2907 514 2986 Ατίςίοὶἀοα,
525 2908 674 2974 Ραιιαίίι.
688 2925 747 2992 157
758 2907 790 2972 J.
806 2906 953 2994 (Dindgi
966 2928 999 2993 p.
1013 2927 1031 2971 2
1034 2904 1108 2992 56):
1130 2905 1286 2982 Ἀθηναῖοι
1302 2904 1334 2966 δὲ

182 3014 337 3093 προῆλθον
364 3011 439 3075 κατὰ
463 3014 557 3080 πόδας
583 3018 636 3093 τὴς
662 3015 772 3097 μαχὴς,
798 3009 923 3075 Βοιωτοὶ
948 3015 981 3075 δὲ
1004 3012 1054 3075 οὐκ
1082 3011 1242 3092 ἀντέσχον,
1264 3004 1336 3069 ἀλλ’

182 3114 361 3194 ἡττηθέντες
391 3117 424 3178 ἐν
448 3117 632 3197 Οἰνοφύτοις
658 3116 825 3199 ὑπέκυψαν,
854 3117 902 3180 καὶ
926 3113 991 3196 μετ’
1016 3115 1113 3179 αύτῶν
1142 3116 1257 3178 Φωκεῖς
1287 3110 1335 3174 καί

184 3220 295 3301 Λοκροὶ
310 3219 376 3305 νίκῃ
392 3217 454 3303 μιᾷ.

229 3321 334 3399 Plato,
350 3321 477 3388 Μοοοα.
496 3341 557 3400 242
574 3323 611 3387 B.
658 3323 719 3389 See
735 3323 842 3389 above
857 3334 913 3389 96.

541 3554 746 3622 Βουοίιιΐίοιι
768 3555 811 3621 ι’τι
832 3555 978 3622 Βοὶοίία.

229 3721 304 3776 109.
328 3709 429 3774 Thuc.
445 3709 468 3773 i.
487 3729 557 3774 111.
576 3730 588 3773 1
608 3736 616 3789 ;
641 3731 721 3797 1133
743 3712 790 3777 iii.
807 3714 858 3777 62.
874 3726 905 3796 5.

230 3842 299 3897 110.
322 3832 378 3894 Ax.
389 3830 463 3896 Pol.
475 3831 545 3896 viii.
558 3829 618 3919 (v.)
630 3832 664 3896 ii.
675 3830 735 3919 (3.)
745 3835 774 3896 6.
788 3832 904 3916 1302b
918 3846 958 3914 25
970 3857 977 3894 :
995 3830 1056 3896 Διὰ
1068 3830 1294 3913 καταφρόνησιν
1306 3831 1339 3893 δέ

189 3932 237 3999 καί
259 3933 458 4013 στασιάζουσι
481 3937 531 3999 καί
554 3937 747 4014 ἐπιτίθενται,
763 3938 829 4002 οἰον
851 3936 885 4004 ἐν
907 3961 940 4000 τε
962 3940 1028 4002 ταῖς
1050 3935 1251 4018 ὀλιγαρχίαις,
1266 3934 1340 3997 ὅταν

188 4039 311 4104 πλείους
324 4035 401 4102 ὦσιν
416 4041 446 4103 οί
459 4040 501 4119 μὴ
516 4040 697 4124 μετέχοντες
711 4044 764 4120 τῆς
784 4041 939 4107 πολιτείας
960 4035 1124 4124 (κρείττους
1144 4040 1203 4120 γάρ
1226 4038 1340 4101 οἰονται

189 4140 289 4227 εἶναι),
314 4139 362 4205 καί
390 4144 423 4206 ἐν
447 4148 512 4210 ταῖς
539 4145 747 4225 δημοκρατίαις
772 4147 801 4210 οἰ
831 4145 953 4226 εύποροι
980 4141 1262 4223 καταφρονήσαντες
1288 4143 1341 4219 τῆς

190 4243 314 4323 ἀταξίας
329 4243 377 4310 καί
400 4247 554 4330 ἀναρχίας,
571 4249 637 4314 οἶον
661 4250 709 4312 καὶ
732 4250 765 4312 ἐν
786 4247 909 4327 Θήβαις
926 4251 1001 4328 μετὰ
1025 4247 1080 4327 τὴν
1104 4248 1138 4311 ἐν
1157 4244 1342 4325 Οἰνοφύτοις

188 4347 292 4431 μθλθῖ
305 4354 403 4418 Μῦἳ
417 4349 658 4430 πολιτευομένων
672 4350 691 4430 ἡ
708 4353 890 4432 δημοκρατία
909 4350 1065 4434 διεφθάρη.

235 4444 353 4541 [Xon]
369 4450 465 4540 Roep.
481 4452 559 4518 Ath.
574 4451 621 4519 iii.
641 4473 690 4520 11.
737 4455 797 4522 See
813 4464 842 4521 1.
858 4466 929 4522 145.
