3000 5046
166 354 208 415 86
381 356 611 415 EXTERNAL
636 355 833 415 HISTORY
856 355 913 414 OF
932 354 1117 426 ATHENS,
1180 363 1244 428 [on.
1258 366 1320 414 111.

256 554 298 638 τῷ
319 557 352 618 δὲ
370 551 500 639 ’δευτέρω

340 653 548 739 Ἠγεμόνεσσι
571 660 603 721 δὲ
626 659 737 737 μισθδν
759 653 916 735 Ἀθηναῖοι
937 653 1000 720 τόδ’
1022 655 1138 720 ἔδωκαν

386 760 449 825 άντ’
473 761 646 844 εὐεργεσίης
669 757 717 823 καὶ
738 760 881 842 μεγάλων
903 759 1033 839 άγαθεῖν.

341 864 462 944 μῖιλλόν
484 889 528 931 τις
551 863 614 928 τάδ’
636 864 709 929 ίδιδν
731 860 779 927 καί
802 860 1019 941 ἐπεσσομένων
1041 861 1185 942 ἐθελήσει

389 965 466 1049 άμφὶ
488 970 557 1052 περὶ
580 966 680 1048 ξυνοῖς
701 965 857 1050 πράγμασι
880 967 964 1047 δῆριν
986 967 1081 1051 ἔχειν.

257 1071 299 1156 τῷ
318 1073 350 1136 δὲ
372 1074 459 1157 τρίτιρ

343 1173 401 1238 Ἐκ
425 1200 498 1241 ποτε
521 1177 614 1252 τῆσδε
633 1175 748 1255 πόληος
771 1171 819 1253 ἅμ’
844 1174 1016 1261 Ἀτρείδῃσι
1037 1175 1212 1242 Μενεσθεὺς

389 1279 492 1362 ἡγεῖτο
515 1278 621 1357 ζάθεον
641 1277 778 1359 Τρωῖκδν
799 1280 831 1345 ές
853 1280 967 1342 πεδίον·

348 1383 383 1446 δν
404 1382 473 1447 ποθ’
491 1382 629 1465 ’Όμηρος
651 1384 711 1463 ἔφη
736 1387 865 1446 Δαναῶν
887 1383 967 1446 τόκα
989 1380 1167 1464 θωρηκτάων

393 1489 566 1568 κοσμητῆρα
587 1485 687 1569 μάχης
710 1484 818 1570 ἔξοχον
841 1486 915 1551 ὄντα
935 1489 1052 1566 μολεῖν.

348 1592 442 1657 οὕτως
465 1591 553 1656 οὐδὲν
575 1593 674 1658 ἀεικὲς
696 1590 886 1668 Ἀθηναίοισι
909 1594 1070 1653 καλεῖσθαι

393 1700 557 1775 κοσμηταῖς
578 1696 714 1774 πολέμου
735 1693 761 1758 τ’
783 1690 861 1774 ἀμφὶ
885 1694 934 1756 καὶ
956 1693 1090 1774 ἠνορέης.

218 1851 268 1905 14.
291 1839 377 1904 Plut.
389 1839 505 1906 Cimo
520 1865 526 1902 :
550 1837 598 1905 καί
615 1837 859 1920 προσεκτήσαντο
876 1839 976 1923 χεῖρας
990 1837 1082 1918 αιίτήν
1097 1863 1131 1903 τε
1145 1837 1202 1918 τήν
1215 1835 1327 1904 Ἠϊόνα

177 1942 224 2008 καί
240 1946 295 2024 τήν
310 1945 496 2026 Ἀμφίπολιν
511 1944 686 2009 οἰκίσαντες.

219 2092 269 2147 15.
293 2080 394 2146 Thuo.
410 2080 432 2145 i.
452 2079 504 2164 98.
525 2101 551 2147 1.

222 2231 271 2284 16.
296 2217 392 2284 Diod.
408 2218 454 2282 xi.
471 2220 532 2283 60:
554 2215 623 2281 Ἔτ’
642 2219 788 2303 άρχοντος
809 2217 834 2282 δ’
856 2215 1004 2298 Ἀθήνησι
1026 2217 1221 2298 Δημοτίωνος
1247 2266 1255 2282 .
1283 2267 1291 2282 .
1318 2267 1326 2282 .

178 2323 335 2402 Ἀθηναῖοι
357 2323 526 2406 στρατηγὸν
548 2323 688 2404 ἑλόμενοι
711 2323 833 2403 Κίμωνα
861 2329 915 2386 τὸν
938 2321 1110 2385 Μιλτιάδου
1133 2319 1179 2386 καὶ
1202 2322 1328 2400 δόνομιν

179 2425 342 2509 ἀξιόλογον
371 2431 565 2509 παραδόντες,
591 2425 769 2509 ίξέπεμψαν
799 2422 847 2490 ἐπὶ
876 2425 932 2504 τήν
961 2426 1110 2507 παράλιον
1138 2428 1191 2504 τῆς
1220 2423 1328 2492 Ἀσίας

179 2530 376 2612 βοηθήσοντα
397 2532 452 2607 μὶν
475 2534 540 2596 ταῖς
563 2531 794 2613 συμμαχούσαις
813 2531 953 2604 πόλεσιν,
969 2530 1214 2611 ἐλευθερώσοντα
1228 2531 1258 2593 δὲ
1275 2532 1329 2595 τὰς

181 2638 348 2716 Περσικαῖς
366 2635 410 2698 ἔτι
429 2639 574 2715 φρουραῖς
597 2633 807 2718 κατεχομένας.
852 2630 898 2721 (2)
923 2633 1009 2700 οὗτος
1024 2636 1056 2697 δὲ
1073 2634 1261 2714 παραλαβὼν
1275 2639 1329 2697 τὸν

181 2739 296 2802 στόλον
311 2739 344 2800 έν
362 2737 521 2825 Βυζαντίῳ,
537 2734 585 2801 καὶ
610 2739 822 2804 καταπλεύσας
845 2733 893 2800 ἐπὶ
916 2740 1009 2802 πόλιν
1029 2736 1085 2816 τὴν
1107 2737 1329 2819 ὀνομαζομένην

180 2838 299 2919 Ἠιόνα,
315 2841 423 2919 ταύτην
437 2844 493 2918 μίν
509 2846 639 2925 Περσῶν
654 2842 842 2923 κατεχόντων
860 2841 1056 2925 έχειρόσατο.

225 2994 272 3050 17.
296 2984 419 3049 Justin.
445 2984 481 3051 ii.
514 3001 573 3067 15:
619 2983 688 3072 (17)
722 2983 832 3070 Igitur
860 2982 997 3060 Xerxes,
1027 3003 1104 3048 eum
1132 2980 1331 3070 proditionis

182 3087 296 3153 dolum
318 3086 523 3173 publicatum
547 3087 681 3165 videret,
698 3109 741 3152 ex
764 3088 893 3173 integro
915 3085 1041 3152 bellum
1062 3086 1216 3152 instituit.
1261 3083 1330 3174 (18)

184 3191 301 3256 Graeci
337 3213 467 3277 quoque
505 3191 622 3257 ducem
659 3190 869 3258 constituunt
909 3190 1050 3255 Cimona
1085 3190 1330 3266 Atheniensem,

184 3295 290 3359 lilium
315 3294 488 3375 Miltiadis,
504 3317 570 3381 quo
591 3296 674 3361 duce
697 3294 785 3380 apud
809 3294 1039 3360 Marathonem
1062 3299 1248 3381 pugnatum
1270 3300 1330 3370 est,

185 3399 349 3478 iuvenem,
373 3400 467 3464 cuius
497 3400 761 3486 magnitudinem
792 3399 938 3464 suturam
967 3398 1104 3485 pietatis
1134 3398 1333 3464 documenta

186 3502 423 3587 prodiderunt3
460 3500 529 3590 (19)
557 3505 680 3589 quippe
710 3509 839 3589 patrem
870 3502 912 3568 ob
942 3502 1066 3568 crimen
1096 3501 1267 3589 peculatus
1296 3500 1334 3565 in

188 3628 351 3672 carcerem
366 3607 550 3672 coniectum
565 3607 679 3693 ibique
694 3606 886 3672 defunctum
901 3605 1073 3671 translatis
1088 3606 1123 3669 in
1139 3627 1174 3670 se
1188 3602 1332 3670 vinculis

186 3710 227 3774 ad
243 3709 448 3795 sepulturam
466 3711 614 3776 redemit
661 3708 730 3797 (ιο)
753 3709 823 3774 Νοο
841 3709 878 3774 in
898 3708 984 3775 bello
1008 3709 1168 3774 iudicium
1185 3708 1332 3793 deligen-

188 3815 271 3878 tium
289 3813 414 3891 fefellit,
433 3815 599 3899 siquidem
621 3836 690 3881 non
711 3813 848 3880 inferior
869 3812 1051 3878 virtutibus
1070 3811 1174 3898 patris
1189 3812 1334 3888 Xerxen,

186 3917 332 3982 terrestri
354 3917 532 4003 navalique
555 3919 642 3985 bello
669 3924 869 4004 superatum,
888 3916 1054 4002 trepidum
1076 3914 1218 4002 recipere
1240 3936 1275 3981 se
1297 3916 1334 3979 in

187 4042 323 4107 regnum
340 4022 455 4108 coegit.

231 4177 281 4230 18.
304 4166 399 4231 Paus.
416 4168 485 4233 viii.
503 4167 531 4232 8.
549 4192 586 4254 9:
607 4173 707 4233 Τοῦτο
724 4169 777 4233 οὐκ
796 4166 997 4251 Ἀγησίπολις
1012 4166 1047 4231 τὸ
1068 4165 1263 4250 στρατήγημα
1280 4161 1335 4250 (sc.

185 4276 222 4333 τὸ
245 4275 298 4333 τδν
317 4270 416 4353 Ὄφιν
437 4280 573 4354 ποταμὸν
596 4274 790 4356 ἀποστρέψαι
814 4278 877 4339 τοῖς
901 4277 1105 4337 Μαντινεῦσιν
1127 4271 1156 4336 ές
1178 4276 1212 4334 τὸ
1234 4273 1336 4352 τεῖχος

188 4372 271 4456 ὦμής
293 4374 523 4458 ᾠκοδομημένον
545 4381 598 4455 τῆς
613 4376 755 4466 πλίνθον)
772 4380 803 4445 ές
819 4383 852 4440 τὸ
867 4383 968 4456 τεῖχος
986 4383 1046 4440 τῶν
1061 4372 1238 4440 Μαντινέων
1253 4369 1337 4437 ἐστίν

232 4477 336 4555 Ἰινείς,
351 4479 434 4544 ἀλλὰ
452 4482 598 4565 πρότερον
621 4483 665 4547 ἔτι
684 4484 800 4565 Κίμωνι
822 4480 961 4564 ἐξευρέθη
984 4482 1024 4566 τῷ
1046 4478 1216 4544 Μιλτιάδου
1238 4477 1337 4559 Βόγην
