3000 5046
636 350 968 433 mmmm.

559 616 716 684 Perildee'
738 639 799 683 εοτι
821 616 862 704 by
883 617 1042 703 Αςραυτλι.

270 747 343 803 148.
367 738 550 824 Harpocr.:
572 738 732 803 Ἀσπασία
755 787 763 801 .
786 787 794 801 .
819 785 827 802 .
845 741 1065 820 μνημονεύουσι
1080 736 1105 805 δ’
1120 740 1210 819 αὐτῆς
1225 738 1381 808 πολλάκις

226 841 277 906 καὶ
296 844 325 906 οί
339 841 432 906 άλλοι
448 845 640 922 Σωκρατικοί,
653 844 701 907 καὶ
714 842 847 907 Πλάτων
862 845 895 907 ἐν
911 845 950 926 ress
968 841 1130 929 Μενεξένῳ
1146 843 1200 908 τὸν
1214 844 1380 924 Σωκράτην

228 943 297 1025 παρ’
313 946 402 1024 αῦτῆς
420 944 499 1027 φησί
513 950 621 1025 μαθεῖν
634 945 673 1010 τά
687 945 838 1010 πολιτικά.
883 945 920 1024 ῆν
939 948 972 1011 δέ
991 952 1026 1011 τδ
1044 946 1206 1027 μὲνγένος
1226 949 1380 1024 Μιλησία,

227 1048 309 1129 δεινὴ
324 1051 357 1113 δέ
371 1050 440 1132 περὶ
455 1051 575 1132 λόγους·
600 1050 784 1128 Περικλέους
800 1050 834 1113 δέ
849 1056 947 1133 φασιν
961 1050 1052 1128 αι’πῆν
1067 1050 1252 1115 διδάσκαλόν
1267 1075 1301 1115 τε
1315 1049 1380 1130 δμα

227 1152 276 1217 καί
292 1151 444 1232 ἐρωμένην
465 1153 552 1217 εἶναι.
597 1157 681 1218 δοκεῖ
694 1153 727 1216 δέ
742 1158 825 1218 δυοῖν
843 1153 985 1235 πολέμου
999 1154 1081 1217 αἰτία
1095 1152 1261 1235 γεγονέναι,
1275 1157 1329 1217 τοῦ
1344 1179 1379 1218 τε

226 1259 379 1336 Σαμιακοῦ
394 1255 443 1320 καὶ
457 1262 509 1321 τοῦ
524 1261 823 1336 Πελοποννησιακοῦ,
839 1257 879 1323 ὣς
895 1258 962 1322 ἔστι
974 1261 1083 1337 μαθεῖν
1094 1255 1176 1338 παρά
1186 1281 1220 1322 τε
1231 1257 1380 1339 Δούριδος

226 1365 278 1422 τοῦ
295 1360 408 1437 Σαμίου
422 1357 489 1446 (fr.
503 1356 544 1441 58
561 1358 598 1423 F.
611 1358 656 1423 H.
671 1358 707 1425 G.
723 1358 757 1424 ii.
773 1358 852 1447 482)
868 1362 917 1425 καὶ
933 1359 1137 1442 Θεοφράστου
1156 1362 1188 1423 ἐκ
1208 1365 1262 1424 τοῦ
1276 1356 1304 1423 δ’
1317 1365 1380 1425 τῶν

227 1465 400 1527 Πολιτικῶν
423 1465 472 1528 καί
493 1465 525 1527 ἐκ
547 1469 607 1528 πεῖν
626 1460 865 1545 Ἀριστοφάνους
884 1463 1068 1548 Ἀχαρνέων.
1113 1468 1196 1528 δοκεῖ
1217 1464 1251 1528 δέ
1273 1462 1322 1527 καί
1344 1463 1383 1544 ἐξ

226 1567 316 1644 αὐτῆς
332 1567 492 1651 ἐσχηκέναι
508 1569 524 1630 ό
543 1571 693 1652 Περικλῆς
708 1569 761 1634 τὸν
776 1569 933 1648 όμάνυμου
949 1566 1027 1653 αύτῷ
1041 1568 1195 1649 Περικλέα
1208 1572 1262 1632 τδν
1276 1568 1381 1648 νόθου,

227 1670 267 1738 ὡς
282 1671 424 1753 ἐμφαίνει
440 1673 488 1735 καὶ
506 1671 641 1738 Εὔπολις
656 1674 689 1736 ἐν
704 1678 766 1739 τοῖς
783 1669 908 1752 Δήμοις.
946 1675 1096 1736 Λυσικλεῖ
1110 1673 1143 1735 δέ
1157 1668 1199 1757 τῷ
1214 1672 1384 1757 δημαγωγῷ

227 1773 438 1854 συνοικήσασα
453 1774 610 1859 Ποριστὴν
625 1776 729 1856 ἐσχευ,
745 1776 785 1842 ὦς
800 1777 817 1839 ό
833 1780 1019 1858 Σωκρατικὸς
1034 1775 1184 1857 Αἰσχίνης
1199 1775 1306 1856 φησίν.

270 1904 343 1959 146.
366 1893 454 1959 Plut.
465 1893 542 1960 Per.
555 1909 615 1980 37:
638 1893 877 1979 Ὕπαδεξάμενος
891 1894 976 1961 αῦθις
993 1895 1031 1959 τὰ
1046 1893 1205 1976 πράγματα
1221 1892 1270 1958 καί
1285 1920 1378 1977 στρα-

226 1998 317 2081 τηγὸς
333 1995 462 2080 αἰρεθείς
476 1997 612 2086 ᾐτήσατο
626 2001 755 2078 λυθῆναι
769 1999 823 2063 τδν
837 1997 905 2081 περὶ
923 2004 984 2064 τῶν
1002 1999 1099 2064 νόθων
1119 1999 1220 2078 νόμον,
1237 1996 1273 2064 δν
1289 1998 1379 2064 αύτὸς

227 2104 415 2184 εἰσενηνόχει
431 2103 584 2184 πρότερον,
604 2102 642 2169 ὡς
660 2102 701 2182 μῆ
719 2101 915 2168 παντάπασιν
935 2103 1041 2187 ἐρημίη
1059 2105 1201 2187 διαδοχῆς
1221 2101 1273 2167 τὸν
1293 2101 1380 2166 οἶκον

227 2206 345 2270 ἐκλίποι
360 2206 491 2288 τοῦνομα
506 2204 555 2271 καί
570 2206 605 2270 τδ
620 2207 718 2288 γένος.
764 2206 829 2290 εἶχε
849 2204 875 2271 δ’
890 2208 966 2270 οῦτω
988 2206 1025 2270 τὰ
1043 2207 1110 2286 περὶ
1130 2204 1183 2270 τὸν
1204 2207 1296 2285 νόμον
1310 2201 1378 2292 (see

226 2318 269 2374 V.
286 2308 370 2396 124).
417 2312 502 2376 ὄντος
517 2310 569 2374 οῦν
585 2315 684 2375 δεινοῦ
702 2316 754 2374 τδυ
770 2313 845 2375 κατὰ
863 2310 1015 2374 τοσούτων
1034 2309 1203 2393 ἰσχύσαντα
1221 2309 1313 2389 νόμον
1327 2308 1378 2373 ὑπ’

226 2414 316 2479 αὐτοῦ
331 2412 425 2479 πάλιν
436 2417 564 2493 λυθῆναι
579 2419 632 2478 τοῦ
642 2413 826 2497 γράφοντος,
838 2413 857 2492 ῆ
870 2419 1009 2495 παροῦσα
1021 2414 1169 2497 δυστυχία
1180 2409 1221 2498 τφ
1233 2416 1381 2494 Περικλεῖ

227 2514 295 2597 περί
311 2517 363 2582 τὸν
378 2518 470 2597 οῖκον,
486 2517 526 2584 ὣς
541 2519 626 2594 δίκην
641 2516 709 2583 τινὰ
723 2521 865 2583 δεδωκότι
883 2521 936 2597 τῆς
956 2517 1127 2599 ὑπεροψίας
1148 2513 1197 2580 καί
1214 2519 1266 2595 τῆς
1283 2542 1378 2598 μεγα-

226 2625 355 2702 λαυχίας
371 2623 493 2699 ἐκείνης,
510 2620 662 2687 ἐπέκλασε
680 2621 749 2687 τοὺς
765 2619 949 2701 Ἀθηναίους,
966 2618 1015 2685 καί
1031 2617 1172 2698 δόξαντες
1187 2619 1275 2684 οῦτδν
1290 2646 1378 2698 νεμε-

227 2723 306 2803 σητά
321 2749 354 2788 τε
369 2728 477 2789 παθεῖν
496 2724 690 2806 ἀνθρωπίνως
710 2749 743 2788 τε
761 2728 881 2789 δεῖσθαι
900 2723 1119 2808 συνεχάρησαν
1137 2721 1378 2804 ἀπογράψασθαι

226 2833 278 2891 τδυ
301 2827 389 2892 νόθον
412 2829 455 2894 εἰς
477 2828 547 2894 τοῦς
571 2826 724 2910 φράτορας
744 2830 839 2908 ὄνομα
859 2827 984 2908 θέμενον
1004 2828 1040 2892 τὸ
1060 2829 1158 2891 αῦτοῦ.
1204 2824 1252 2890 καὶ
1271 2832 1380 2891 τοῦτον

225 2935 281 3013 μέν
310 2932 436 3012 ὕστερον
466 2933 498 2996 ἐν
528 2931 737 3014 Ἀργινούσαις
768 2929 1079 3013 καταναυμαχήσαντα
1108 2931 1378 3010 Πελοποννησίους

226 3033 399 3099 άπέκτεινεν
415 3037 431 3098 ὀ
447 3038 539 3115 δῆμος
554 3034 630 3113 μετὰ
648 3042 708 3099 τῦν
724 3034 950 3116 συστρατήγων.

270 3135 392 3201 Suidas
408 3139 628 3217 Δημοποίητος.
674 3137 735 3203 See
750 3136 856 3203 above
871 3146 914 3201 V.
929 3148 995 3202 121.

271 3238 430 3327 Ηατροοτ.
447 3238 611 3306 Ἀσπασία.
658 3239 720 3306 See
734 3241 840 3305 above
856 3252 927 3306 145.

530 3435 594 3502 τι.
616 3436 766 3502 αππιαν
788 3435 890 3503 ποτε
911 3437 1071 3523 Aspasia.

269 3568 340 3623 147.
363 3556 452 3621 Plut.
470 3555 548 3622 Per.
569 3559 630 3641 36:
654 3562 737 3639 Πρδς
755 3562 788 3623 δέ
805 3559 920 3625 τούτοις
941 3556 990 3623 καὶ
1008 3560 1063 3639 την
1081 3556 1150 3640 περί
1167 3559 1219 3636 τῆς
1238 3566 1378 3641 γυναικός

225 3662 376 3742 διαβολὴν
390 3663 449 3724 ῦπῦ
465 3665 517 3724 τοῦ
533 3661 714 3727 Ξανθίππου
724 3662 820 3742 φησὶν
831 3664 848 3725 ό
859 3662 1087 3743 Στησίμβροτος
1100 3663 1142 3728 εἰς
1157 3664 1226 3728 τοὺς
1240 3664 1377 3730 πολλοὺς

225 3768 437 3843 διασπαρῆναι,
461 3762 510 3828 καί
534 3765 614 3831 ὅλως
637 3765 804 3842 όυῆκεστον
829 3764 901 3851 άχρι
924 3768 978 3845 τῆς
996 3767 1137 3844 τελευτῆς
1161 3765 1202 3851 τῆ
1228 3766 1376 3853 νεανίσκῳ

224 3866 299 3950 πρὸς
315 3872 368 3932 τὸν
383 3869 496 3948 πατέρα
510 3871 691 3948 παραμεῖναι
706 3869 762 3947 τῆν
777 3869 936 3952 διαφοράν.

268 3968 358 4036 Ιδῖό.
376 3990 427 4048 24.
473 3967 535 4034 See
549 3967 656 4035 above
671 3980 738 4036 141.

498 4164 571 4230 Her
593 4164 718 4252 οἰίοροό
736 4166 894 4253 politico}
915 4167 1094 4255 ιἰιρῖιιωιοο,

269 4303 342 4359 148.
364 4292 422 4359 Ar.
438 4291 519 4358 Αοέι.
535 4295 620 4375 526:

399 4395 474 4484 λῆθ’
497 4399 526 4466 οἰ
549 4401 694 4481 Μεγαρῆς
716 4400 835 4467 όδύναις
859 4406 1124 4485 πεφυσιγγωμένοι

398 4500 624 4583 άντεξέκλεψον
646 4501 820 4571 Ἀσπασίας
842 4507 938 4586 πόρνα
960 4507 1021 4572 δύο·
