3000 5046
451 367 604 427 ORIGIN
626 366 718 425 AND
746 366 963 426 ORGANIZA
972 366 1073 424 ΤΙΟΝ
1097 366 1154 424 OF
1278 373 1339 439 [oh.
1351 376 1376 421 1.

226 494 1379 509 --—.-—————-———-—.-——-—-——————————-——-—

224 569 429 648 βαρβαρικαῖς
458 569 608 646 φυλακαῖς
638 561 775 643 διέμενον
806 562 850 627 ἔτι
881 564 1110 645 φρουρούμενοι.
1160 558 1208 650 (2)
1234 562 1318 628 οὗτος
1345 563 1378 624 δέ

225 668 411 748 πεντήκοντα
424 671 480 748 μέν
494 666 623 750 τριήρεις
644 671 676 732 ἐκ
692 666 932 747 Πελοποννήσου
953 669 1070 746 λαβών,
1085 665 1243 747 τριάκοντα
1258 671 1291 730 δὲ
1306 663 1375 746 παρ’

226 772 396 852 Ἀθηναίων
412 771 695 853 μεταπεμψάμενος,
714 774 756 835 ὧν
776 770 966 852 Ἀριστείδης
988 771 1099 854 ἠγεῖτο,
1120 777 1237 853 πρῶτον
1256 771 1313 849 μὲν
1333 770 1377 835 είς

224 879 281 957 τὴν
308 877 430 960 Κύπρον
459 876 591 941 ἔπλευσε
622 877 671 938 καὶ
701 881 761 939 τῶν
787 877 908 940 πόλεων
934 879 989 941 τὰς
1014 876 1059 940 ἐτι
1086 878 1218 957 φρουρὰς
1245 873 1375 956 ἐχούσας

225 981 380 1064 Περσικὰς
400 979 601 1061 ἠλευθέρωσε,
646 975 693 1066 (3)
715 979 791 1058 μετὰ
811 980 843 1044 δέ
864 984 955 1043 ταῦτα
975 980 1111 1046 πλεύσας
1130 980 1179 1042 ἐπὶ
1195 984 1248 1043 τδν
1261 976 1376 1057 Ἑλλή-

225 1111 367 1164 σποντου,
390 1083 552 1163 Βυζάντιον
577 1086 633 1163 μὲν
655 1085 713 1146 ὑπὸ
737 1087 867 1166 Περσῶν
890 1084 1088 1166 κρατούμενον
1111 1083 1304 1166 ἐχειρώσατο,
1327 1080 1376 1145 καὶ

224 1196 285 1255 τῶν
305 1190 410 1256 ἄλλων
428 1187 595 1270 βαρβάρων
616 1186 667 1254 οῦς
687 1191 742 1268 μὲν
762 1189 890 1265 ἀνεῖλεν,
906 1186 957 1254 οῦς
979 1188 1004 1252 δ’
1023 1188 1165 1266 ἐκβαλὼν
1185 1185 1376 1268 ἠλευθέρωσε

225 1293 279 1374 τήν
295 1294 396 1357 πόλιν.
447 1290 530 1357 Vide
544 1300 606 1356 VI.
624 1302 655 1354 2.
1139 1356 1142 1361 ,

268 1425 317 1479 13.
340 1412 466 1478 Justin.
484 1412 573 1476 Hiat.
595 1412 629 1475 ii.
649 1428 708 1495 15:
735 1410 814 1477 Post
835 1411 917 1478 haec
941 1411 1110 1498 Spartani,
1133 1435 1174 1478 ne
1196 1411 1283 1475 vires
1306 1412 1375 1476 otio

225 1521 481 1603 corrumperent,
510 1522 544 1581 ot
573 1523 612 1581 ut
641 1516 693 1581 bie
722 1515 854 1580 illatum
883 1538 905 1580 a
929 1515 1038 1581 Persis
1066 1515 1223 1582 Graeciae
1250 1515 1375 1580 bellum

224 1622 473 1700 ulciscerentur,
484 1620 572 1685 ultro
586 1621 669 1685 fines
685 1642 798 1684 eorum
811 1620 1022 1706 populantur.
1060 1621 1178 1685 ducem
1191 1642 1251 1686 suo
1268 1619 1373 1685 socio·

224 1748 364 1811 rumquo
379 1724 540 1791 exercitui
556 1724 708 1811 deligunt
723 1725 929 1790 Pausaniam.

268 1858 318 1912 14.
342 1845 431 1911 Ιδίθ.
454 1846 500 1910 ix.
528 1865 555 1924 1,
579 1865 618 1930 3:
649 1844 741 1910 Haec
762 1866 903 1930 namque
927 1846 1005 1911 urbs
1027 1843 1256 1934 (Byzantium)
1277 1849 1375 1928 capta

223 1951 332 2038 primo
357 1971 378 2015 a
401 1949 575 2028 Pausania,
598 1970 673 2035 rege
700 1947 948 2034 Spartanorum,
973 1954 1007 2014 ot
1033 1972 1093 2035 per
1116 1955 1241 2035 septem
1268 1970 1372 2014 annos

224 2075 375 2140 possessa
395 2054 479 2131 fuit3
501 2053 579 2117 dein
597 2053 747 2117 variante
766 2053 907 2117 victoria
928 2075 1017 2118 nunc
1032 2054 1373 2129 Lacedaemoniorum,

223 2180 313 2224 nunc
327 2157 583 2223 Atheniensium
599 2157 682 2221 iuris
700 2156 818 2222 habita
833 2163 894 2221 est.
941 2157 991 2222 Of.
1008 2158 1115 2223 below
1129 2166 1191 2223 VI.
1210 2169 1242 2223 6.

569 2362 634 2430 rue
648 2362 760 2449 θροῦν
775 2362 813 2447 of
823 2363 1026 2448 Byzantion.

268 2513 317 2567 15.
342 2501 428 2567 Plut.
445 2503 531 2568 Οίιιι.
548 2523 587 2587 9:
610 2502 696 2567 Ἐπεὶ
717 2503 774 2586 γὰρ
796 2506 827 2567 ἐκ
851 2507 967 2581 Σηστοῦ
989 2501 1036 2568 καὶ
1058 2503 1220 2582 Βυζαντίου
1241 2503 1375 2570 πολλοῦς

224 2613 285 2671 τῶν
303 2606 472 2689 βαρβάρων
493 2609 701 2691 αἰχμαλώτους
722 2608 872 2687 λαβόντες
894 2609 923 2670 οἱ
945 2606 1097 2690 σύμμαχοι
1118 2608 1160 2692 τῷ
1176 2608 1290 2687 Κίμωνι
1310 2613 1373 2670 δια·

225 2716 324 2790 νεῖμαι
347 2709 582 2792 προσέταξαν,ό
605 2713 638 2774 δέ
660 2709 752 2794 χωρὶς
774 2715 829 2791 μὲν
851 2711 965 2787 αὐτούς,
983 2713 1077 2794 χωρὶς
1097 2715 1129 2776 δέ
1150 2717 1202 2774 τὸν
1222 2709 1290 2792 περὶ
1311 2717 1374 2778 τοῖς

224 2815 348 2894 σώμασι
377 2816 492 2894 κόσμον
517 2815 614 2878 αὐτῶν
640 2815 754 2892 ἔθηκεν,
782 2812 906 2899 ᾐτιῶντο
935 2816 990 2895 τὴν
1016 2816 1160 2897 διανομὴν
1190 2816 1229 2882 ὡς
1259 2816 1374 2880 άνισον,

225 2918 242 2981 δ
265 2921 297 2982 δέ
320 2923 380 2983 τῶν
401 2920 529 3001 μερίδων
552 2920 714 2983 ἐκέλευσεν
737 2918 843 2984 αὐτοὺς
870 2917 993 2983 ἑλέσθαι
1016 2920 1072 2998 τήν
1096 2918 1204 2999 ἑτέραν,
1226 2917 1264 2998 ἣν
1287 2919 1312 2983 δ’
1336 2918 1374 2985 ἂν

224 3024 335 3087 ἐκεῖνοι
366 3024 582 3106 καταλίπωσιν,
617 3020 787 3102 ἀγαπήσειν
817 3006 1024 3101 Ἀθηναίους.ι
1054 3021 1229 3104 Ἡροφύτου
1258 3028 1291 3089 δέ
1321 3030 1374 3088 τοῦ

224 3127 337 3204 Σαμίου
362 3128 647 3205 συμβουλεύσαντος
672 3129 825 3208 αἱρεῖσθαι
847 3126 885 3190 τὰ
908 3133 1037 3206 Περσῶν
1058 3132 1179 3209 μᾶλλον
1201 3126 1219 3206 ἠ
1243 3128 1373 3208 Πέρσας,

223 3236 277 3293 τδν
305 3231 362 3308 μὲν
389 3230 503 3310 κόσμον
532 3230 615 3295 αὐτοὶ
646 3231 771 3309 ἔλαβον,
800 3231 972 3309 Ἀθηναίοις
1003 3234 1035 3295 δὲ
1064 3231 1134 3297 τοὺς
1164 3233 1373 3312 αἰχμαλώτους

224 3333 381 3397 ἀπέλιπον.
428 3334 477 3397 καὶ
492 3336 561 3399 τότε
578 3337 634 3413 μὲν
649 3336 665 3397 ὁ
683 3336 786 3414 Κίμων
806 3334 894 3420 ἀπῄει
916 3340 1037 3418 γελοῖος
1059 3336 1136 3400 εἶναι
1157 3340 1253 3399 δοκῶν
1273 3342 1373 3400 διανο-

222 3439 303 3517 μεύς,
322 3444 382 3503 τῶν
400 3440 457 3517 μὲν
478 3437 644 3521 συμμάχων
664 3441 760 3520 ψέλια
779 3444 880 3522 χρυσᾶ
902 3442 950 3504 καὶ
971 3438 1118 3514 μανιάκας
1139 3442 1188 3504 καὶ
1209 3439 1373 3522 στρεπτοὺς

225 3540 272 3605 καὶ
301 3542 426 3608 κάνδυας
457 3538 505 3606 καὶ
535 3543 692 3625 πορφύραν
722 3542 908 3625 φερομένων,
936 3550 995 3608 τῶν
1024 3541 1051 3606 δ’
1077 3543 1246 3623 Ἀθηναίων
1277 3546 1374 3627 γυμνά

223 3645 350 3724 σώματα
380 3652 476 3712 κακῶς
504 3645 659 3725 ἠσκημένα
690 3653 762 3727 πρὸς
793 3648 937 3730 ἐργασίαν
964 3648 1216 3730 παραλαβόντων.
1268 3654 1373 3729 μικρὸν

223 3751 255 3813 δέ
279 3752 407 3833 ὕστερον
429 3753 458 3814 οἱ
484 3757 544 3814 τών
568 3751 744 3814 ἑαλωκότων
767 3753 854 3833 φίλοι
880 3753 929 3815 καὶ
952 3754 1058 3816 οέκεῖοι
1083 3753 1317 3832 καταβαίνοντες
1341 3755 1372 3815 ἐκ

223 3854 356 3937 Φρυγίας
383 3852 431 3917 καὶ
453 3856 564 3921 Λυδίας
588 3857 764 3937 ἐλυτροῦντο
786 3855 929 3938 μεγάλων
950 3853 1112 3940 χρημάτων
1133 3857 1270 3935 ἕκαστον,
1293 3857 1373 3920 ὥστε

223 3957 263 4042 τῷ
275 3958 389 4038 Κίμωνι
406 3957 565 4040 τεσσάρων
576 3966 678 4038 μηνῶν
693 3960 808 4040 τροφὰς
824 3962 866 4026 είς
882 3959 936 4026 τὰς
950 3964 1022 4026 ναῦς
1038 3958 1166 4040 ὑπάρξαι
1182 3961 1230 4023 καὶ
1248 3960 1372 4041 προσέτι

222 4062 259 4147 τῇ
274 4063 365 4125 πόλει
378 4063 505 4144 χρυσίον
520 4063 573 4126 οὐκ
588 4064 696 4145 ὀλίγον
711 4065 743 4127 ἐκ
760 4070 819 4127 τῶν
834 4064 950 4146 λύτρων
965 4063 1187 4145 περιγενέσθαι.

267 4192 316 4247 16.
341 4181 496 4269 Polyaen.
518 4183 539 4247 i.
559 4204 610 4268 34.
628 4203 666 4249 2:
695 4186 798 4262 Κίμων
823 4186 883 4248 άπὸ
906 4189 1025 4264 Σηστοῦ
1048 4185 1095 4248 καὶ
1120 4184 1280 4263 Βυζαντίου
1303 4187 1371 4269 αίχ-

222 4285 348 4367 μάλωτα
370 4288 472 4352 πολλὰ
493 4291 669 4371 βαρβαρικὰ
691 4291 756 4353 εἷλε
779 4289 828 4351 καὶ
852 4293 911 4351 τῶν
934 4287 1101 4370 συμμάχων
1123 4289 1288 4366 δεηθέντων
1309 4295 1372 4353 δια-

224 4391 331 4471 νομεῦς
351 4392 481 4471 ἐγένετο.
519 4397 626 4475 μοῖραν
641 4394 713 4472 μίαν
729 4390 816 4470 ἔταξε
832 4391 929 4474 γυμνὰ
943 4391 980 4455 τὰ
995 4393 1128 4473 σώματα,
1143 4398 1251 4474 μοῖραν
1268 4392 1372 4474 ἑτέραν

223 4491 409 4578 ἇναξυρίδας,
426 4494 542 4574 κάνδυς,
558 4495 691 4579 στρεπτὰ
708 4496 755 4560 καὶ
773 4496 832 4558 ὅσα
847 4495 957 4561 τοιάδε.
996 4497 1025 4561 οἱ
1046 4496 1198 4581 σύμμαχοι
1218 4498 1370 4580 αἱροῦνται
