3000 5046
175 375 323 440 334333]
436 366 529 425 HER
554 367 710 427 ALLIES
733 368 828 427 ΑΝΙ)
855 369 1072 428 COLONIES.
1180 447 1186 457 Ι
1270 369 1325 429 161

394 692 458 759 roe
479 693 616 759 Roman
639 692 883 760 Aotbcseodoro
904 699 941 759 ot
964 693 1100 760 Athone.

220 839 297 895 339.
320 828 418 894 Dion.
446 830 522 896 Hel.
548 833 631 897 Aet.
658 832 755 897 Rom.
780 855 814 899 x.
838 849 877 917 51
905 831 1013 916 (Titus
1039 832 1205 898 Romilius
1231 833 1327 919 loq.):

176 933 356 1014 Κεφάλαιον
371 935 396 999 δ’
414 938 498 1001 έστὶν
514 939 556 1002 ὧν
570 939 640 1018 ὑμῖν
654 941 798 1019 παραινῶ,
814 936 962 1019 πρέσβεις
982 939 1116 1015 ἑλέσθαι,
1131 938 1199 1004 τοὺς
1212 940 1269 1017 μὲν
1285 940 1328 1004 εἷς

175 1033 359 1117 Ἑλληνίδας
388 1040 494 1107 πόλεις
523 1042 577 1106 τὰς
607 1042 639 1104 έν
666 1040 792 1125 Ἰταλίη,
820 1040 888 1107 τοὺς
917 1039 943 1105 δ’
967 1042 1011 1107 εἰς
1035 1038 1175 1122 Ἀθήνας·
1209 1043 1327 1119 οἵτινες,

176 1140 373 1220 αἰτησάμενοι
389 1143 469 1225 παρὰ
484 1152 545 1209 τῶν
560 1141 720 1224 Ἑλλήνων
735 1144 802 1210 τοὺς
817 1146 991 1227 κρατίστους
1002 1146 1111 1224 νόμους
1128 1145 1177 1208 καὶ
1191 1144 1328 1223 μάλιστα

176 1248 240 1310 τοῖς
254 1243 408 1326 ἡμετέροις
422 1249 623 1328 ἁρμόττοντας
637 1250 729 1329 βίοις,
745 1248 866 1312 οἴσουσι
889 1253 985 1329 δεῦρο.
1032 1244 1169 1335 [Spurio
1189 1247 1327 1334 Tarpeio

177 1345 265 1410 Aulo
281 1346 449 1414 Terminio
465 1348 564 1441 coss]

221 1478 297 1533 330.
321 1468 411 1534 Ibid.
428 1485 472 1552 54
495 1467 546 1560 [L.
563 1470 715 1537 Menenio
731 1471 765 1535 P.
790 1471 898 1537 Sestio
914 1466 1030 1560 ooss.]:
1053 1473 1108 1538 Ἐν
1127 1476 1160 1537 δὲ
1183 1473 1225 1557 τῷ
1248 1471 1329 1557 οὐτᾷ

178 1575 268 1657 καιρῷ
280 1574 483 1657 παρεγένοντο
500 1576 560 1640 ἀπό
574 1601 607 1641 τε
626 1573 763 1655 Ἀθηνῶν
783 1574 833 1640 καὶ
855 1584 915 1642 τῶν
938 1578 972 1642 έν
986 1576 1115 1645 Ἰταλοῖς
1137 1574 1327 1654 Ἑλληνίδων

179 1677 300 1741 πόλεων
315 1681 344 1742 ol
360 1679 517 1760 πρέσβεις,
532 1680 677 1762 φέροντες
692 1680 759 1747 τοὺς
775 1681 892 1761 νόμους.

221 1774 289 1861 33⁰1.
311 1796 402 1864 Itid.
412 1813 471 1881 57:
494 1803 546 1887 Τῷ
563 1799 589 1866 δ’
601 1801 673 1880 έξῆς
684 1802 746 1866 ἔτει
763 1848 771 1864 .
787 1850 795 1865 .
812 1849 820 1865 .
837 1803 866 1865 οἱ
880 1800 953 1865 δέκα
968 1800 1081 1881 ἄνδρες,
1096 1799 1328 1884 συγγράψαντες

177 1901 284 1979 νόμους
308 1903 341 1967 έκ
360 1929 392 1968 τε
418 1911 478 1969 τῶν
502 1903 692 1985 Ἑλληνικῶν
715 1906 816 1984 νόμων
840 1902 888 1968 καὶ
910 1911 970 1969 τῶν
991 1902 1071 1986 παρά
1094 1912 1205 1985 σφισιν
1227 1903 1328 1971 αὐτοῖς

178 2004 324 2086 ἀγράφων
339 2008 481 2088 ἐθισμῶν,
498 2008 668 2089 προῦθηκαν
683 2011 715 2074 ἐν
730 2010 800 2073 δέκα
815 2007 934 2075 δέλτοις
949 2015 1032 2072 κτλ.

226 2135 300 2189 333.
324 2126 408 2190 Plin.
424 2125 468 2191 N.
478 2126 524 2192 Η.
540 2129 660 2193 xxxiv.
681 2147 712 2213 5.
730 2147 765 2194 21
782 2154 789 2192 :
813 2128 894 2194 Fuit
916 2134 950 2193 et
974 2126 1175 2193 Hermodori
1194 2125 1328 2211 Ephesii

177 2223 318 2315 (statue)
347 2230 382 2294 in
405 2232 550 2311 comitio,
566 2231 675 2319 legum
698 2254 780 2318 ques
803 2231 981 2298 decemviri
1008 2230 1199 2297 scribebant
1224 2231 1327 2296 inter·

178 2334 292 2416 pretis,
307 2333 439 2419 publice
454 2335 573 2401 dicate.

223 2465 297 2520 333.
321 2455 531 2541 Pomponius,
555 2457 596 2522 de
624 2456 707 2541 οτὶρ.
733 2456 827 2522 iuris
850 2455 914 2544 (ed.
938 2453 1104 2543 Oscnnus)
1124 2476 1162 2533 4:
1198 2455 1329 2520 Placuit

178 2558 312 2643 publice
327 2560 526 2626 auctoritate
545 2561 657 2626 decem
673 2559 832 2626 constitui
848 2560 950 2639 viros,
966 2580 1026 2646 per
1040 2582 1122 2646 quos
1137 2565 1329 2645 peterentur

179 2662 269 2748 leges
294 2685 315 2727 e
341 2663 472 2729 Graecis
499 2665 727 2730 civitatibus..
746 2665 895 2750 ..Leges
924 2664 1097 2729 duodecim
1127 2662 1327 2739 tabularum,

179 2786 319 2852 quarum
334 2767 543 2832 ferendarum
564 2772 731 2833 auctorem
752 2766 854 2832 fuisse
870 2767 1067 2833 decemviris
1082 2766 1327 2832 Hermodorum

179 2870 346 2955 quendem
361 2871 550 2956 Ephesium,
565 2871 756 2936 exulantem
772 2871 807 2935 in
823 2870 931 2950 Italis,
948 2870 1085 2956 quidem
1100 2869 1312 2935 rettulerunt.

224 3002 299 3056 334.
322 2992 393 3056 Liv.
410 2992 459 3056 iii.
477 3013 535 3078 31:
559 2991 628 3079 (sp.
644 2993 791 3078 Τοτροίο,
806 2993 847 3058 Α.
864 2992 1005 3057 Aternio
1030 2989 1127 3077 coss.)
1153 3040 1160 3054 .
1179 3040 1210 3055 ..
1235 2989 1329 3056 missi

177 3094 279 3181 legati
298 3095 446 3161 Athenas
463 3096 519 3183 Sp.
535 3097 726 3162 Postumius
741 3096 857 3172 Albus,
880 3096 919 3160 A.
936 3096 1089 3177 Manlius,
1107 3095 1143 3161 P.
1160 3094 1329 3181 Sulpicius

179 3198 384 3279 Camerinus,
420 3201 566 3286 iussique
602 3200 736 3266 inclitas
771 3201 859 3286 leges
898 3199 1030 3266 Solonis
1067 3199 1259 3275 describere,
1296 3203 1330 3263 et

178 3302 320 3367 alierum
345 3302 501 3369 Graeciae
525 3303 714 3370 civitatium
733 3304 900 3386 institute,
915 3325 1023 3369 mores
1043 3304 1181 3389 iureque
1196 3323 1329 3368 noscere

181 3456 188 3471 .
206 3457 212 3469 .
230 3457 237 3472 .
253 3406 266 3494 (
268 3405 324 3494 32)
341 3457 348 3472 .
366 3456 373 3469 .
392 3456 398 3469 .
415 3407 567 3472 consules
587 3406 623 3473 Ο.
640 3406 821 3485 Menenius,
838 3407 872 3471 P.
889 3406 1017 3471 Sestius
1040 3404 1276 3490 Capitolinus.
1295 3454 1302 3468 .
1321 3454 1328 3468 .

179 3511 246 3574 inm
261 3509 429 3576 redicrent
443 3511 544 3597 legati
559 3532 634 3577 cum
653 3510 776 3576 Atticis
790 3510 929 3595 legibus,
945 3511 1002 3574 loc.

223 3642 298 3695 333.
321 3630 389 3697 Cic.
417 3632 457 3697 do
483 3631 563 3717 lopo.
589 3631 624 3696 ii.
656 3645 707 3714 25.
740 3632 802 3709 64:
842 3629 968 3707 Postea,
999 3651 1112 3716 quum,
1141 3633 1181 3693 ut
1210 3628 1329 3694 scribit

180 3733 365 3814 Phalereus,
380 3742 574 3821 sumptuose
592 3735 665 3801 fieri
680 3733 806 3810 funera,
831 3738 865 3799 et
885 3731 1115 3798 lamentabilis
1134 3732 1328 3818 coepissent,

181 3838 312 3905 Solonis
335 3840 406 3925 lege
429 3839 561 3904 sublate
583 3844 672 3904 sunt.
717 3860 817 3925 quam
836 3837 942 3924 legem
962 3836 1085 3903 eisdem
1101 3858 1203 3923 prope
1219 3835 1329 3901 verbis

179 3942 285 4008 nostri
300 3942 476 4007 decemviri
492 3941 528 4005 in
543 3941 705 4007 decimam
721 3941 870 4007 tabulam
886 3940 1104 4018 coniecerunt,
1120 3941 1176 4005 &c

224 4074 299 4128 336.
323 4060 432 4128 Strab.
449 4061 517 4126 xiv.
534 4082 561 4128 1.
578 4079 619 4147 25
631 4061 739 4149 (642):
763 4068 857 4127 Δοκεῖ
868 4062 894 4127 δ’
905 4063 990 4129 οὗτος
1006 4063 1023 4127 θ
1038 4062 1113 4147 ἀνὴρ
1128 4059 1328 4149 (δαίθἙρμό-

180 4165 286 4252 δωρος)
303 4169 409 4247 νόμους
425 4166 507 4234 τινὰς
522 4166 681 4246 Ῥωμαίοις
700 4168 885 4252 συγγράψαι.

224 4269 276 4335 Of.
292 4269 389 4358 Diog.
405 4271 513 4337 Lsert.
528 4270 574 4334 ix.
594 4290 621 4336 τ.
641 4289 670 4336 2.
711 4269 780 4336 Cio.
797 4268 890 4335 Τιιοο.
907 4291 938 4335 v.
955 4271 1006 4354 36.
1026 4281 1097 4350 105.

224 4403 298 4459 83⁷.
320 4390 484 4456 Eusebius
493 4388 603 4476 (Syme
614 4390 690 4470 484.
703 4389 753 4478 6):
777 4392 898 4472 Νόμους
914 4392 945 4455 ἐκ
962 4392 1013 4467 τῆς
1027 4386 1330 4469 ἘλλάδοςῬιομαῖοι

180 4497 423 4578 μετεστείλαντο,
440 4494 495 4576 ἀφ’
509 4498 550 4561 ὧν
565 4494 618 4562 τὰς
634 4496 748 4561 δώδεκα
762 4493 883 4562 δέλτους
899 4494 1074 4575 συνέθηκαν.

737 4614 765 4662 Μ
