3000 5046
172 341 283 407 ma]
516 335 602 395 THE
627 338 858 397 ATHENIAN
882 340 953 398 CIT
955 341 987 399 Y.

464 614 625 675 Pheidins
647 616 948 687 superintendant,
972 619 1033 675 διο.

217 757 272 812 80.
296 744 555 832 Plut.Per.13:
586 746 693 813 Πάντα
711 750 744 812 δέ
764 753 861 813 διεῖπε
884 746 933 812 καί
955 748 1077 813 πάντων
1099 751 1266 818 ἐπίσκοπος
1289 750 1326 830 ἦν

172 849 252 935 αῦτηῖ
275 851 409 929 Φειδίας,
433 851 528 916 καίτοι
551 849 703 934 μεγάλους
725 852 935 934 ἆρχιτέκτονας
959 853 1094 937 ἐχόντων
1117 855 1165 917 καὶ
1188 857 1327 939 τεχνίτας

172 960 232 1018 τών
247 955 351 1036 ἔργων.
376 1003 384 1018 .
401 1003 408 1018 .
425 1002 432 1018 .
456 957 473 1018 ὁ
488 958 520 1020 δέ
534 956 657 1021 Φειδίας
670 953 822 1039 εἰργάζετο
835 956 893 1036 μέν
907 961 960 1036 τῆς
976 961 1045 1021 θεοῦ
1060 962 1094 1021 τδ
1108 963 1241 1040 χρυσοῦν
1258 959 1326 1026 ἐδος

173 1055 221 1121 καὶ
247 1056 353 1121 τούτου
377 1059 553 1142 δημιουργὸς
580 1060 613 1123 ἐν
638 1060 676 1145 τῇ
698 1057 798 1145 στήλη
823 1060 900 1125 εῖναι
924 1059 1102 1143 γέγραπται,
1122 1058 1221 1127 πάντα
1241 1060 1267 1126 δ’
1289 1062 1326 1142 ήν

172 1160 285 1243 σχεδὸν
300 1161 346 1227 ἐπ’
362 1162 453 1247 αῦτηῖ,
471 1165 520 1227 καὶ
541 1166 645 1240 πᾶσιν,
662 1161 701 1229 ὧς
723 1162 890 1245 εἰρήκαμεν,
906 1162 1066 1229 ἐπεστάτει
1090 1170 1153 1231 τοῖς
1173 1166 1326 1249 τεχνίταις

172 1262 220 1329 διά
235 1266 345 1346 φιλίαν
360 1265 555 1349 Περικλέους.

411 1478 482 1537 'l'he
503 1478 698 1536 Parthenon
719 1479 788 1536 and
809 1477 855 1535 its
877 1480 1087 1550 sculpturas.

701 1605 795 1673 Date.

216 1755 266 1809 81.
289 1741 398 1809 SchoL
412 1743 516 1809 Arist.
531 1742 612 1808 Ραο.
629 1742 711 1824 605:
734 1744 907 1827 Φιλόχορος
921 1740 985 1830 (fr.
1004 1757 1044 1829 97
1058 1742 1095 1808 F.
1108 1743 1153 1810 H.
1168 1742 1204 1811 (ἐ.
1212 1743 1235 1810 i.
1246 1743 1327 1833 400)

172 1844 221 1912 ἐπὶ
252 1847 412 1930 Θεοδώρου
433 1845 493 1933 (sio
519 1845 622 1911 Palm.
646 1844 815 1931 legebatur
837 1845 1034 1935 Πυθοδώρου)
1055 1848 1202 1934 ἄρχοντος
1230 1849 1326 1914 ταῦτά

173 1960 261 2033 φησι.
307 1954 356 2016 καὶ
372 1957 405 2015 τδ
420 1955 543 2034 ἄγαλμα
558 1950 593 2015 τδ
607 1956 741 2033 χρυσοῦν
755 1954 808 2030 τῆς
828 1949 959 2030 Ἀθηνᾶς
979 1952 1093 2032 ἐστάθη
1114 1955 1158 2019 εἶς
1175 1953 1228 2017 τὸν
1248 1954 1326 2019 νεδν

172 2062 224 2122 τὸν
237 2057 341 2139 μέγαν,
357 2056 431 2139 έχον
451 2057 578 2138 χρυσίου
599 2060 734 2135 σταθμὸν
754 2053 911 2119 ταλάντων
924 2052 983 2138 μδ’,
999 2054 1183 2137 Περικλέους
1198 2057 1326 2121 ἐπιστα·

173 2164 302 2235 τοῦντος,
333 2161 457 2225 Φειδίου
486 2162 519 2224 δέ
548 2158 741 2239 ποιήσαντος.
788 2160 836 2223 καὶ
866 2160 991 2226 Φειδίας
1021 2160 1038 2222 ὁ
1067 2158 1209 2240 ποιήσας,
1235 2159 1326 2241 δόξας

173 2264 431 2348 παραλογίζεσθαι
460 2269 513 2328 τὸν
543 2263 696 2343 ἐλέφαντα
720 2268 773 2326 τὸν
799 2266 842 2330 εἰς
866 2260 919 2329 τὰς
943 2263 1081 2344 φολίδας,
1111 2264 1220 2345 ἐκρίθη.
1276 2262 1325 2330 καῖ

172 2369 278 2451 φυγών
296 2371 339 2435 είς
351 2366 449 2433 Ἦλιν
464 2369 674 2451 ἐργολαβήσοι
690 2372 724 2430 τδ
739 2365 864 2449 άγαλμα
883 2370 937 2430 τοῦ
957 2371 1030 2434 Διδς
1050 2370 1103 2430 τοῦ
1124 2367 1157 2431 ἐν
1171 2367 1327 2454 Ὀλυμπία

171 2470 304 2553 λέγεται.
350 2477 438 2535 τοῦτο
452 2475 484 2536 δέ
500 2468 740 2554 ἐξεργασάμενος
754 2472 918 2536 ἀποθανεῖν
937 2470 996 2535 ῦπδ
1011 2469 1143 2535 Ἠλείων
1158 2469 1209 2536 ἐπί
1223 2475 1327 2536 Πυθο·

173 2576 269 2657 δώρου
289 2574 350 2662 (nic
370 2574 473 2640 Palm.
493 2575 593 2659 υιώρο
614 2572 718 2661 Σκυθ.)
741 2575 774 2641 ὅς
796 2575 882 2638 ἐστιν
905 2573 966 2638 ἆπδ
986 2574 1091 2638 τοῦτον
1112 2573 1252 2656 ἕβδομος.
1268 2621 1276 2639 .
1291 2622 1326 2641 ..

173 2675 202 2766 (ὁ
218 2682 352 2757 Φειδίας,
366 2680 406 2746 ὡς
420 2663 593 2763 Φιλόχορός
609 2684 716 2759 φησιν,
733 2679 783 2741 ἐπὶ
800 2678 960 2759 Θεοδώρου
982 2676 1128 2761 άρχοντος
1148 2678 1183 2741 τὸ
1203 2677 1327 2761 άγαλμα

172 2788 225 2863 τῆς
247 2782 377 2863 Ἀθηνᾶς
400 2781 627 2849 κατασκευάσας
651 2782 795 2862 ὀφείλετο
813 2786 847 2843 τὸ
870 2781 999 2864 χρυσίον
1020 2783 1053 2845 ἐκ
1075 2785 1135 2845 τῶν
1157 2783 1327 2863 δρακόντων

172 2890 225 2967 τῆς
240 2887 520 2973 χρυσελεφαντίνης
538 2884 679 2966 Ἀθηνᾶς,
696 2884 746 2967 ἐφ’
769 2882 793 2971 φ
816 2880 1040 2967 καταγνωσθεὶς
1063 2884 1211 2965 ἐζημιώθη
1234 2885 1325 2975 φυγῇ·

172 2992 334 3074 γενόμενος
359 2992 391 3056 δέ
421 2992 463 3057 είς
486 2988 584 3054 Ἦλιν
610 2987 659 3054 καί
689 2987 904 3071 ἐργολαβήσας
930 2987 1010 3069 παρὰ
1035 2995 1097 3053 τῶν
1124 2987 1258 3054 Ἠλείων
1290 2989 1327 3054 τδ

173 3094 295 3177 άγαλμα
318 3099 371 3158 τοῦ
395 3099 470 3161 Διδς
494 3098 546 3158 τοῦ
570 3091 750 3172 Ὀλυμπίου,
774 3093 824 3156 καὶ
848 3092 1071 3172 καταγνωσθεὶς
1093 3091 1143 3157 ὑπ’
1167 3091 1264 3157 αῦτών
1286 3091 1327 3160 ὣς

172 3197 402 3280 νοσφισάμενος
417 3195 567 3285 ἀνῃρέθη).
612 3194 664 3262 Cf.
680 3195 812 3261 Duebn.
828 3194 952 3260 Adnot.
967 3193 1003 3258 in
1019 3193 1129 3260 Schol.

537 3410 602 3478 Πια
623 3411 741 3477 Statue
763 3407 801 3495 of
818 3408 963 3477 Αίῖιοαα.

218 3561 273 3617 82.
294 3550 382 3616 Plut.
408 3550 485 3616 Per.
508 3569 569 3636 31:
606 3551 649 3613 Ἥ
670 3552 703 3614 δέ
724 3550 861 3632 χειρίστη
885 3551 942 3629 μέν
963 3548 1045 3612 αίτία
1069 3555 1186 3625 πασῶν,
1210 3546 1326 3629 ἐχουσα

173 3656 205 3719 δέ
233 3658 397 3723 πλείστους
426 3654 584 3736 μάρτυρας,
614 3654 692 3718 οὕτω
722 3678 786 3719 πως
809 3653 940 3731 λέγεται.
986 3653 1108 3719 Φειδίας
1138 3651 1154 3714 δ
1185 3649 1326 3728 πλάστης

173 3759 344 3841 ἐργολάβος
374 3763 431 3841 μέν
458 3757 495 3838 ήν
525 3762 578 3822 τοῦ
607 3757 793 3840 ἀγάλματος,
823 3756 927 3838 ὥσπερ
960 3756 1087 3836 εἴρηται,
1111 3755 1204 3836 φίλος
1231 3756 1264 3818 δέ
1288 3753 1330 3839 τῷ

173 3867 320 3945 Περικλεῖ
340 3864 502 3946 γενόμενος
525 3858 573 3926 καὶ
594 3859 741 3944 μέγιστον
762 3856 831 3942 παρ’
853 3859 931 3944 αῦτηῖ
952 3857 1089 3939 δυνηθεὶς
1114 3857 1184 3925 τοὺς
1209 3860 1265 3938 μέν
1288 3855 1326 3921 δι’

172 3969 263 4032 αὑτὸν
298 3968 392 4049 ἔσχεν
425 3967 551 4052 ἐχθροὺς
577 3966 791 4046 φθονούμενος,
826 3966 855 4028 ot
885 3966 918 4029 δέ
948 3967 1001 4027 τοῦ
1031 3961 1124 4044 δήμου
1152 3961 1327 4040 ποιούμενοι

173 4075 280 4152 πεῖραν
303 4072 336 4134 ἐν
358 4070 472 4155 ἐκείνιρ,
496 4069 582 4136 ποῖός
604 4093 650 4136 τις
675 4070 778 4133 έσοιτο
801 4071 949 4148 Περικλεῖ
971 4064 1080 4149 κριτής,
1104 4063 1235 4131 Μένωνά
1258 4088 1327 4129 τινα

172 4179 233 4236 τῶν
269 4173 392 4237 Φειδίου
430 4180 583 4255 συνεργῶν
618 4172 781 4238 πείσαντες
816 4169 916 4249 ἱκέτην
945 4171 978 4236 ἐν
1006 4168 1103 4254 ἀγορᾷ
1143 4167 1326 4246 καθίζουσιν,

173 4275 349 4357 αἰτούμενον
367 4275 471 4340 ἄδειαν
493 4273 543 4340 ἐπί
567 4276 692 4354 μηνύσει
719 4276 769 4339 καὶ
795 4274 955 4359 κατηγορία
979 4278 1033 4337 τοῦ
1054 4273 1186 4337 Φειδίου.
1229 4295 1326 4352 προσ-

173 4380 335 4458 δεξαμένου
356 4381 390 4443 δέ
412 4383 463 4443 τοῦ
486 4376 580 4459 δήμου
604 4383 657 4443 τὸν
679 4377 839 4458 άνθρωπον
860 4375 909 4441 καὶ
932 4374 1095 4459 γενομένης
1121 4375 1154 4438 ἐν
1180 4373 1328 4458 ἐκκλησία

172 4481 313 4563 διώξεως,
329 4478 438 4548 κλοπαὶ
452 4485 510 4563 μέν
524 4483 576 4548 οῦκ
590 4480 768 4567 ἠλέγχοντο·
791 4479 827 4545 τὸ
840 4483 899 4565 γὰρ
919 4480 1048 4564 χρυσίον
1070 4478 1164 4545 οὕτως
1184 4477 1270 4545 ιῦθῦς
1292 4473 1330 4557 ἐξ
