3000 5046
160 377 272 441 διον]
402 366 573 428 SPARTA
599 366 693 427 AND
718 366 1065 427 PELOPONNESOS.
1251 382 1313 443 299

160 569 290 631 πολλοῖς
305 561 354 629 καὶ
370 569 430 629 τοῖν
443 563 606 647 Ταϋγέτων
624 561 825 647 τιναχθέντων
843 562 973 646 κορυφαί
990 588 1068 630 τινες
1089 560 1311 646 ἀπερράγησαν,

160 667 234 748 αὑτῆ
258 669 283 732 δ’
309 667 441 748 ἡπόλις
463 669 521 747 όλη
545 668 695 752 συνεχύθη
721 666 803 747 πλὴν
824 669 926 732 οίκιῶν
949 665 1049 745 πέντε,
1076 665 1130 734 τὰς
1159 665 1184 731 δ’
1211 666 1311 734 ἀλλος

158 770 287 854 ἤρειψεν
308 773 325 836 ό
347 773 484 855 σεισμός.
528 773 563 838 ἐν
587 773 621 838 δέ
642 770 720 859 μέσῃ
741 772 779 858 τῇ
800 772 877 856 στοᾷ
903 769 1132 852 γυμναζομένων
1157 771 1231 849 όμοΰ
1252 775 1312 834 τῶν

160 873 289 957 ἐφήβων
307 874 355 941 καὶ
375 881 434 941 τῶν
449 877 615 943 νεανίσκων
636 873 757 959 λέγεται
777 880 883 958 μικρὸν
903 875 961 958 πρὸ
982 879 1035 940 τοὺ
1057 878 1186 953 σεισμοῦ
1206 873 1312 956 λαγὸν

159 983 381 1061 παραφανῆναι,
407 977 456 1045 καὶ
482 980 552 1048 τοὺς
576 983 634 1060 μέν
656 981 838 1055 νεανίσκους,
864 979 968 1061 ὥσπερ
998 977 1077 1058 ῆσαν
1102 976 1311 1058 ἀληλιμμένοι,

159 1081 236 1164 μετὰ
255 1088 378 1151 παιδιᾶς
399 1085 555 1167 ἐκδραμεῖν
577 1080 625 1148 καὶ
647 1083 774 1160 διόκειν,
795 1087 858 1150 τοῖς
879 1081 906 1147 δ’
925 1080 1056 1164 ἐφῆβοις
1077 1083 1311 1162 ὑπολειφθεῖσιν

160 1188 318 1253 ἐπιπεσεῖν
333 1188 368 1253 τὸ
382 1187 552 1270 γυμνάσιον
566 1185 614 1252 καὶ
630 1185 745 1255 πάντας
765 1188 839 1268 όμοὺ
860 1188 1049 1264 τελευτῆσαι.
1095 1184 1149 1252 τὸν
1163 1187 1196 1250 δέ
1211 1183 1310 1266 τόφον

159 1290 257 1357 αὑτιῖν
278 1293 322 1357 ἐτι
344 1296 398 1358 νΰν
419 1293 604 1375 Σεισματίαν
627 1291 896 1375 προσαγορεύουσι.
939 1291 1018 1374 ταχὺ
1038 1288 1075 1371 δῆ
1098 1290 1227 1354 συνιδὺν
1249 1289 1310 1353 ἀπὸ

160 1398 213 1458 τοὺ
234 1396 382 1477 παρόντος
402 1395 454 1461 τὸν
468 1397 621 1478 μέλλοντα
643 1395 779 1462 κίνδυνον
794 1396 811 1459 ό
826 1394 1017 1479 Ἀρχίδαμος,
1033 1390 1082 1457 καὶ
1097 1393 1166 1460 τοὺς
1180 1392 1309 1460 πολίτας

160 1497 238 1579 ἀρῶν
260 1501 293 1565 ἐκ
313 1505 374 1565 τιῖν
392 1503 496 1567 οίκιῶν
515 1503 553 1564 τὰ
574 1500 737 1580 τιμιύτατα
758 1497 958 1581 πειρωμένους
980 1497 1100 1579 σώζειν,
1115 1496 1308 1584 ἐκέλευσετῇ

160 1600 310 1687 σάλπιγγι
326 1605 493 1685 σημαίνειν,
513 1603 552 1672 ἀς
571 1605 726 1684 πολεμίων
744 1603 903 1682 ἐπιόντων,
916 1603 998 1670 ὅπως
1016 1601 1064 1667 ότι
1083 1600 1213 1685 τάχιστα
1233 1606 1310 1682 μετὰ
1428 1607 1431 1613 ’

160 1710 220 1770 τῖον
241 1708 346 1772 ὅπλων
367 1708 559 1791 ἀθροίζωνται
581 1712 655 1791 πρὸς
677 1707 777 1772 αὑτόν.
826 1705 843 1772 δ
869 1705 905 1786 δὴ
933 1703 982 1770 καὶ
1002 1707 1095 1787 μόνον
1117 1707 1150 1771 ἐν
1176 1704 1219 1791 τῷ
1240 1705 1309 1769 τότε

160 1810 252 1896 καιρῷ
283 1809 338 1890 τὴν
367 1812 509 1895 Σπάρτην
543 1811 701 1878 διέσωσεν.
745 1813 775 1876 οῖ
804 1808 862 1893 γάρ
893 1813 1027 1878 Εἵλωτες
1056 1812 1089 1876 ἐκ
1118 1814 1179 1873 τιῖν
1208 1809 1309 1891 ἀγριῖν

160 1914 347 1997 συνέδραμον
372 1917 562 2000 πανταχόθεν
589 1917 628 1983 ὑς
650 1915 893 1998 ἀναρπασόμενοι
916 1916 984 1982 τοὺς
1010 1912 1224 1995 σεσωσμένους
1249 1917 1310 1978 τιῖν

160 2020 366 2100 Σπαρτιατῶν.
410 2019 620 2101 ὡπλισμένους
653 2023 686 2086 δέ
712 2018 761 2085 καὶ
791 2018 1046 2103 συντεταγμένους
1074 2018 1210 2100 εὑρόντες
1240 2017 1308 2081 ἀνε-

159 2121 304 2205 χύρησαν
324 2120 375 2188 ἐπὶ
395 2124 450 2191 τάς
466 2125 573 2191 πόλεις
595 2121 644 2188 καὶ
666 2128 805 2208 φανερῶς
828 2123 1005 2204 ἐπολέμουν,
1021 2128 1083 2186 τῶν
1097 2146 1130 2186 τε
1147 2119 1308 2203 περιοίκων

160 2224 378 2295 ἀναπείσαντες
401 2228 453 2293 οὑκ
483 2227 614 2312 ὀλίγους,
641 2229 691 2293 καὶ
717 2227 904 2308 Μεσσηνίων
933 2225 994 2306 όμα
1019 2229 1083 2292 τοῖς
1106 2223 1309 2307 Σπαρτιάταις

160 2331 411 2410 συνεπιθεμένων.
454 2331 627 2413 πέμπουσιν
656 2331 710 2397 οὑν
730 2332 760 2396 οῖ
784 2331 1015 2412 Λακεδαιμόνιοι
1037 2329 1239 2412 Περικλείδαν
1264 2330 1309 2396 είς

159 2429 289 2513 Ἀθήνας
308 2435 443 2511 δεόμενοι
463 2441 601 2516 βοηθεῖν,
617 2437 653 2502 όν
675 2444 754 2518 φησι
773 2440 922 2520 κωμῳδῶν
936 2424 1161 2518 Ἀριστοφάνης
1183 2431 1307 2509 καθεζό-

158 2561 251 2617 μενον
284 2536 333 2603 ἐπὶ
363 2545 425 2607 τοῖς
453 2544 570 2622 βωμοῖς
606 2539 706 2625 ὦχρδν
740 2541 774 2604 ἐν
806 2539 951 2621 φοινικίδι
986 2534 1131 2621 στρατιάν
1163 2538 1306 2602 ἐπαιτεῖν.

159 2638 327 2722 Ἐφιάλτου
349 2645 382 2708 δὲ
405 2644 572 2712 κωλύοντος
595 2641 644 2708 καὶ
666 2642 937 2726 διαμαρτυρομένου
959 2641 1000 2724 μῆ
1018 2645 1146 2723 βοηθεῖν
1159 2639 1228 2721 μηδ’
1243 2641 1307 2704 ἀνι-

160 2745 268 2811 στόνοι
293 2747 384 2813 πόλιν
412 2749 578 2814 ἀντίπαλον
603 2748 654 2813 ἐπὶ
683 2750 736 2815 τὰς
760 2746 899 2827 Ἀθήνας,
930 2744 1000 2811 ἀλλ’
1028 2746 1082 2810 ἐᾶν
1112 2747 1231 2811 κεῖσθαι
1258 2739 1307 2808 καὶ

158 2853 326 2929 πατηθῆναι
348 2858 383 2915 τδ
405 2849 544 2934 φρόνημα
566 2855 619 2932 τῆς
633 2850 783 2934 Σπάρτης,
798 2849 921 2934 Κίμωνά
941 2858 1021 2934 φησι
1041 2849 1162 2932 Κριτίας
1179 2848 1234 2928 τῆν
1254 2850 1307 2928 τῆς

158 2954 298 3036 πατρίδος
314 2952 441 3035 αὔξησιν
459 2956 491 3021 ἐν
505 2955 621 3042 ὑστέρω
637 2954 762 3038 θέμενον
777 2960 829 3020 τοὺ
844 2954 1086 3036 Λακεδαιμονίων
1101 2951 1308 3034 συμφέροντος

49 3063 55 3071 ”
159 3056 364 3125 ἀναπείσαντα
378 3059 432 3124 τὸν
451 3062 546 3141 δῆμον
564 3058 702 3140 ἐξελθεῖν
724 3063 896 3142 βοηθοῦντα
916 3058 993 3140 μετὰ
1014 3062 1140 3122 πολλιῖν
1162 3057 1305 3122 όπλιτιῖν.

158 3157 215 3226 ὅδ’
228 3160 296 3227 Ἴων
316 3162 554 3245 ἀπομνημονεύει
574 3160 622 3228 καὶ
645 3168 698 3229 τὸν
719 3164 824 3246 λόγον,
845 3160 868 3250 ᾤ
887 3161 1023 3245 μάλιστα
1044 3160 1114 3229 τοὺς
1128 3160 1307 3241 Ἀθηναίους

159 3266 289 3345 ἐκίνησε,
305 3272 488 3349 παρακαλεῖν
501 3266 576 3349 μήτε
593 3268 649 3348 τῆν
662 3262 799 3331 Ἐλλάδα
817 3267 924 3350 χωλῆν
942 3265 1018 3348 μήτε
1032 3264 1088 3346 τὴν
1101 3265 1195 3330 πόλιν
1208 3265 1306 3349 ἐτερό-

159 3370 231 3450 ζνγα
251 3375 396 3454 περιϊδεῖν
417 3371 630 3454 γεγενημένην.
675 3367 745 3459 (17)
767 3368 832 3435 ἐπεὶ
852 3371 886 3435 δέ
905 3367 1064 3451 βοηθήσας
1085 3373 1147 3435 τοῖς
1161 3371 1307 3434 Λακεδαι·

157 3474 272 3555 μονίοις
295 3471 384 3560 ἀπῄει
406 3472 456 3538 διὰ
471 3475 618 3556 Κορίνθου
639 3473 694 3554 τὴν
717 3476 860 3556 στρατιὰν
881 3472 973 3557 ἀγων,
994 3471 1131 3539 ἐνεκάλει
1149 3470 1307 3556 Λάχαρτος

157 3573 234 3660 αὑτῷ
248 3577 318 3659 πρὶν
334 3580 470 3662 ἐντυχεῖν
485 3583 548 3645 τοῖς
563 3577 700 3644 πολίταις
716 3577 910 3661 εἰσαγαγόντι
925 3576 959 3641 τὸ
974 3573 1152 3658 στράτευμα·
1184 3573 1233 3640 καί
1247 3578 1307 3658 γάρ

158 3680 250 3761 θύραν
280 3681 436 3762 κόψαντας
465 3682 630 3764 ἀλλοτρίαν
659 3682 711 3748 οὑκ
744 3679 870 3747 είσιέναι
899 3681 1046 3762 πρότερον
1073 3676 1092 3759 ῆ
1122 3684 1176 3744 τὸν
1205 3678 1306 3761 κύριον

158 3788 310 3850 κελεῦσαι.
355 3781 405 3848 καὶ
426 3786 561 3867 δΚίμων
580 3793 598 3822 “
607 3783 696 3850 Ἀλλ’
715 3785 772 3869 οὑχ
792 3787 875 3868 ὑμεῖς
884 3782 903 3808 ”
918 3785 1004 3851 εἶπεν
1018 3788 1035 3817 “
1048 3781 1072 3848 ὦ
1087 3782 1236 3867 Λάχαρτε,
1251 3785 1307 3852 τάς

158 3889 339 3954 Κλεωναίων
369 3886 419 3953 καὶ
444 3888 612 3972 Μεγαρέων
639 3890 737 3958 πύλας
763 3891 922 3971 κόψαντες,
953 3886 1035 3953 ἀλλά
1064 3886 1307 3970 κατασχίσαντες

158 3992 381 4073 εἰσεβιάσασθε
410 3993 486 4074 μετὰ
514 3999 575 4060 τῶν
604 3994 709 4060 ὅπλων
737 3993 890 4075 ἀξιοῦντες
920 3991 1084 4079 ἀνεῳγέναι
1114 3989 1214 4056 πάντα
1241 3994 1307 4059 τοῖς

156 4097 260 4177 μεῖζον
281 4097 481 4177 δυναμένοις.”
524 4099 601 4162 οὑτω
626 4098 682 4179 μέν
707 4097 892 4179 ἐθρασύνατο
917 4102 992 4179 πρὸς
1014 4096 1068 4162 τὸν
1090 4095 1250 4178 Κορίνθιον
1271 4096 1306 4160 ἐν

157 4197 264 4277 δέοντι,
286 4197 335 4264 καὶ
355 4204 432 4281 μετά
449 4204 503 4281 τῆς
523 4205 665 4285 στρατιᾶς
685 4199 853 4281 διεξῆλθεν.
897 4203 926 4266 οῖ
940 4203 974 4267 δέ
992 4199 1222 4280 Λακεδαιμόνιοι
1236 4197 1307 4267 τοὺς

156 4302 333 4383 Ἀθηναίους
349 4303 434 4371 αὑθις
454 4303 583 4370 ἐκάλουν
602 4302 653 4371 ἐπέ
668 4305 736 4372 τοὺς
754 4306 788 4370 ἐν
801 4304 913 4393 Ἰθύμη
929 4303 1124 4385 Μεσσηνίους
1141 4298 1191 4367 καῖ
1205 4303 1306 4367 Etm-

157 4431 219 4486 τας,
235 4408 389 4473 ἐλθόντων
403 4409 437 4473 δέ
451 4409 506 4488 τῆν
521 4410 637 4488 τόλμαν
652 4405 700 4474 καὶ
720 4407 776 4488 τῆν
790 4409 986 4491 λαμπρότητα
1001 4408 1156 4474 δείσαντες
1170 4402 1305 4486 ἀπεπέμ-

156 4516 257 4592 ψαντο
281 4511 390 4594 μόνους
415 4517 476 4577 rav
498 4512 665 4598 συμμάχων
689 4511 728 4581 ὑς
751 4510 960 4595 νεωτεριστάς.
1004 4512 1035 4576 οῖ
1059 4512 1093 4576 δέ
1115 4509 1190 4593 πρὸς
1211 4507 1306 4592 όργῆν
