3000 5046
195 369 233 410 12
420 351 572 410 ORIGIN
593 351 687 408 ,4Νο
713 349 1041 409 ORGANIZATION
1066 349 1122 408 OF
1248 358 1346 422 [0121.

258 735 329 791 ‘Phe
352 733 643 791 Transfer-motion
666 733 705 790 of
722 733 781 789 the
805 733 926 790 Delion
949 724 1183 801 conrodereoy
1204 731 1280 788 into

557 838 617 896 the
638 837 811 895 Athenian
833 836 983 906 nmpire.

404 998 641 1084 Trooep‘eoenee
655 998 692 1084 of
705 998 755 1065 the
772 999 939 1086 Ττοαειιτγ
953 1005 985 1064 to
1001 998 1135 1064 Athene.

239 1156 326 1221 Plut.
343 1155 418 1222 Per.
438 1175 487 1221 12.
533 1154 595 1221 See
611 1155 718 1221 below
732 1164 794 1221 IV.
810 1167 864 1222 70.

239 1298 295 1352 50.
317 1284 405 1353 Plut.
417 1285 526 1351 Arioi.
540 1297 599 1366 25:
624 1287 683 1350 Καὶ
698 1283 755 1369 γὰρ
772 1284 809 1349 τὰ
823 1283 961 1368 χρήματα
977 1292 1074 1365 φησιν
1087 1283 1118 1369 (ὁ
1131 1281 1346 1371 Θεόφραστος)

197 1394 230 1456 ἐκ
248 1389 353 1469 Δήλου
367 1389 599 1470 βουλευομένων
614 1389 761 1468 Ἀθήναζε
780 1392 902 1469 κομίσαι
921 1388 1002 1470 παρὰ
1023 1386 1076 1456 τὰς
1097 1387 1247 1468 συνθήκας
1263 1387 1345 1474 [καί],

197 1495 319 1576 Σαμίων
341 1493 573 1578 εἰσηγουμένων,
596 1497 694 1559 εἰπεῖν
714 1495 839 1570 ἐκεῖνον,
856 1494 895 1560 ὡς
915 1492 950 1557 οὗ
971 1494 1088 1557 δίκαιον
1107 1491 1173 1573 μέν,
1190 1490 1347 1573 συμφέρον

197 1603 229 1664 δὲ
245 1599 324 1663 τοῦτ’
340 1600 415 1663 έοτί.

240 1739 289 1794 51.
312 1727 458 1794 Aristod.
482 1727 540 1792 vii.
563 1723 613 1813 (θ’.
626 1726 671 1791 H.
687 1727 723 1793 G.
748 1749 781 1791 v.
810 1726 884 1815 10):
915 1727 1010 1816 [Εἶτα]
1039 1730 1071 1792 ἐκ
1097 1731 1150 1807 τῆς
1178 1725 1283 1806 Δήλου
1309 1728 1347 1789 τὰ

197 1834 388 1917 συναχθέντα
401 1834 603 1914 μετεκόμισαν
619 1835 661 1901 είς
681 1831 734 1900 τὰς
748 1829 877 1911 Ἀθήνας
898 1831 946 1897 καὶ
968 1831 1125 1897 κατέθεντο
1140 1831 1225 1898 ἐντὸς
1241 1833 1274 1897 έν
1290 1828 1345 1916 [τη]

197 1938 369 2020 ἀκροπόλει.

240 2077 294 2131 52.
316 2064 442 2131 Jusein.
465 2064 514 2131 iii.
539 2065 579 2130 6:
610 2065 798 2131 Honorem
822 2063 879 2151 (ee.
903 2086 973 2131 sese
995 2089 1014 2130 a
1035 2064 1123 2130 bello
1145 2063 1347 2129 Messeniaeo

197 2169 349 2235 dimissos
373 2167 456 2257 esee)
478 2169 699 2234 Athenienses
720 2170 869 2255 graviter
890 2168 1042 2250 ferentes,
1063 2168 1240 2255 pecuniam
1263 2189 1347 2255 qnae

196 2280 269 2339 erae
288 2274 324 2337 in
344 2273 547 2357 stipendium
565 2272 687 2339 Persici
708 2272 789 2338 belli
810 2273 853 2337 ab
873 2272 1031 2338 universa
1047 2271 1185 2338 Graecia
1205 2271 1348 2351 conlata,

197 2400 219 2442 a
238 2376 322 2443 Delo
337 2377 485 2442 Athenas
505 2374 720 2452 transferunt,
741 2400 782 2442 ne
803 2377 1035 2442 deficientibus
1053 2398 1074 2442 a
1093 2376 1158 2441 fide
1178 2375 1347 2442 societatis

197 2481 464 2548 Lacedaemoniis
480 2480 619 2567 praedae
637 2502 677 2546 ae
691 2482 826 2566 rapinae
841 2485 935 2546 esset.

240 2623 294 2676 5³.
317 2608 416 2676 Diod.
439 2611 498 2674 xii.
519 2613 571 2696 38.
597 2631 634 2676 2:
660 2612 814 2689 Ἀθηναῖοι
837 2616 890 2691 τῆς
913 2610 988 2675 κατὰ
1011 2609 1164 2675 θάλατταν
1185 2609 1347 2690 ἡγεμονίας

198 2716 392 2800 ἀντεχόμενοι
413 2719 448 2778 τὰ
469 2717 503 2781 έν
520 2714 613 2801 Δήλῳ
633 2717 718 2803 κοινῇ
735 2715 908 2798 συνηγμένα
922 2714 1068 2798 χρήματα,
1085 2713 1219 2779 τάλαντα
1234 2713 1347 2797 σχεδὸν

198 2820 419 2904 ὀκτακισχίλια,
434 2816 621 2903 μετήνεγκαν
641 2822 684 2887 είς
705 2821 757 2886 τὰς
772 2818 902 2899 Ἀθήνας
921 2816 969 2883 καὶ
990 2820 1166 2901 παρέδωκαν
1181 2816 1348 2899 φυλάττειν

198 2928 352 3006 Περικλεῖ.

242 3062 297 3116 54.
316 3050 406 3116 Ibid.
417 3071 460 3131 40
472 3079 479 3117 ι
495 3052 737 3134 Ἐξηριθμήσοτο
750 3102 756 3116 .
769 3102 776 3117 .
788 3059 840 3117 ,τὸ
852 3056 966 3131 πλῆθος
978 3059 1036 3117 τῶν
1047 3050 1347 3131 μετακεκομισμένων

198 3157 230 3219 ἑκ
253 3155 357 3236 Δήλου
379 3154 541 3238 χρημάτων
560 3159 603 3223 είς
625 3158 678 3224 τὰς
701 3155 844 3237 Ἀθήνας,
862 3157 882 3221 ἃ
905 3158 1085 3237 συνέβαινεν
1108 3159 1142 3220 ἐκ
1163 3161 1224 3221 τῶν
1244 3156 1347 3237 φόρων

198 3264 263 3326 ταῖς
285 3260 397 3324 πόλεσι
421 3260 504 3335 κοινή
527 3265 751 3341 συνηθροῖσθαι·
797 3259 845 3347 (2)
868 3266 977 3326 κοινῶν
998 3259 1024 3324 δ’
1040 3261 1135 3324 ὄντων
1156 3264 1216 3323 τῶν
1235 3260 1348 3340 μυρίων

196 3361 354 3427 ταλάντων
369 3362 550 3442 ἇπανήλωτο
571 3364 645 3446 πρὸς
664 3365 719 3445 τήν
734 3366 919 3441 κατασκευήν
933 3370 993 3429 τῶν
1008 3363 1203 3445 προπυλαίων
1223 3365 1273 3428 καὶ
1293 3363 1347 3444 τὴν

198 3468 363 3534 Ποτιδαίας
384 3468 561 3549 πολιορκίαν
576 3472 804 3552 τετρακισχίλια
822 3468 965 3534 τάλαντα·
989 3465 1038 3532 καὶ
1059 3467 1124 3531 καθ’
1139 3466 1268 3532 ἕκαστον
1287 3469 1346 3532 ένι-

197 3571 288 3636 αυτὸν
308 3573 341 3635 ἐκ
364 3577 416 3635 τοῦ
432 3573 535 3653 ,φόρου
557 3577 616 3637 τῶν
636 3572 804 3658 συμμάχων
825 3574 989 3658 ἆνεφέρετο
1013 3571 1148 3636 τάλαντα
1169 3573 1348 3655 τετρακόσια

198 3673 352 3755 ἑξήκοντα.

241 3815 296 3868 55.
318 3801 408 3868 Ibid.
421 3816 473 3884 54.
486 3822 525 3887 3:
549 3806 591 3868 Οἱ
607 3803 761 3882 Ἀθηναῖοι
778 3853 786 3868 .
803 3853 810 3868 .
827 3851 835 3868 .
851 3802 1032 3887 χρημάτων.
1050 3852 1057 3867 .
1074 3809 1214 3885 ,πλῆθος
1229 3804 1347 3884 ἕτοιμον

198 3907 383 3989 παρέλαβον,
398 3910 653 3988 μετακομίσαυτες
673 3910 706 3972 έκ
722 3907 828 3987 Δήλου
848 3912 886 3972 τὰ
906 3905 992 3973 κοινὰ
1005 3906 1144 3990 χρήματα
1158 3914 1218 3974 τῶν
1231 3906 1347 3987 Ἑλλή-

198 4035 267 4087 νων,
283 4012 354 4074 ὄντα
370 4013 466 4075 πλείω
481 4017 541 4075 τῶν
555 4012 668 4094 μυρίων
682 4011 848 4077 ταλάντων.

242 4150 296 4203 56.
319 4137 373 4203 Id.
390 4138 460 4204 xiii.
479 4157 529 4205 21.
546 4160 585 4225 3:
608 4143 663 4209 Τίς
686 4141 742 4224 γὰρ
765 4141 803 4206 ἂν
824 4141 958 4221 ἤλπισεν
978 4141 1164 4221 Ἀθηναίους,
1182 4141 1272 4223 μύρια
1292 4142 1348 4223 μὲν

199 4245 364 4324 εἰληφότας
380 4246 413 4307 έκ
430 4243 535 4323 Δήλου
550 4244 683 4309 τάλαντα
700 4255 785 4310 κ.τ.λ.

241 4383 293 4438 57.
318 4373 418 4437 Thue.
435 4375 468 4437 ii.
489 4395 537 4460 13.
555 4393 584 4457 3,
599 4396 630 4454 4.
677 4374 774 4440 Com.
790 4375 875 4462 Nep.
893 4374 999 4440 aaa.
1016 4395 1046 4461 3.
1093 4376 1154 4442 See
1169 4375 1275 4442 above
1290 4386 1347 4440 42.

240 4475 339 4543 Ieoer.
357 4478 376 4539 8
391 4478 431 4543 de
445 4476 525 4544 Poe.
545 4481 617 4546 126.
661 4478 722 4546 See
739 4480 846 4546 below
860 4489 924 4546 VI.
939 4491 1006 4546 161.
