3000 5046
170 348 228 409 106
380 348 610 406 EXTERNAL
637 348 834 407 HISTORY
857 349 914 407 OF
934 349 1119 419 ATHENS,
1185 357 1320 424 [cnm.

170 545 257 619 είκός,
275 545 317 607 ῶν
333 544 448 609 ἔπαθον
463 543 495 609 εῦ
509 543 703 625 μεμνημένοι,
723 547 761 608 τά
776 550 808 610 δὲ
829 550 882 609 τοῦ
897 550 1000 628 καιροῦ
1015 543 1320 625 συλλαμβανομένου.

169 646 357 727 νενικημένοι
387 650 446 730 γὰρ
475 650 507 712 ἐν
530 647 673 733 Τανάγρᾳ
699 646 782 735 μάχη
805 648 923 736 μεγάλῃ
950 650 999 713 καὶ
1023 652 1253 731 προσδοκῶντες
1279 649 1322 712 είς

169 753 250 833 ὥραν
276 751 359 816 ἔτους
385 754 530 831 στρατιὰν
557 753 818 830 Πελοποννησίων
846 753 893 816 ἐπ’
920 751 1028 819 αύτοῦς
1058 751 1187 816 ἐκάλουν
1213 753 1245 815 ἐκ
1268 753 1322 828 τῆς

170 859 269 936 φυγῆς
284 860 337 918 τὸν
353 856 487 934 Κίμωνα·
512 852 560 919 καὶ
582 859 713 935 κατῆλθε
734 862 770 920 τδ
784 855 933 938 ψήφισμα
948 855 1123 939 γρόφαντος
1138 855 1217 941 αύτῷ
1228 860 1321 937 Περι-

170 957 286 1025 κλέους.
333 960 410 1022 οῦτω
433 959 504 1024 τότε
526 956 680 1023 πολιτικαὶ
701 963 758 1038 μὲν
781 959 860 1039 ἦσαν
883 962 914 1024 αί
937 961 1090 1044 διαφοραί,
1109 958 1227 1042 μέτριοι
1249 956 1275 1023 δ’
1292 959 1321 1022 oi

170 1058 257 1142 θυμοὶ
285 1064 333 1126 καὶ
362 1068 434 1145 πρδς
458 1069 494 1127 τδ
518 1069 619 1128 κοινόν
645 1062 842 1141 εὐανάκλητοι
866 1063 1031 1144 συμφέρον,
1055 1063 1073 1142 ῆ
1101 1068 1133 1128 δὲ
1161 1063 1322 1143 φιλοτιμία

171 1163 293 1230 πάντων
309 1167 511 1246 ἐπικρατοῦσα
527 1173 587 1230 τῶν
603 1170 706 1230 παθῶν
723 1173 786 1232 τοῖς
804 1170 857 1245 τῆς
875 1168 1018 1249 πατρίδος
1033 1167 1183 1250 ὑπεχώρει
1198 1172 1321 1249 καιροῖς.

214 1280 288 1334 103.
313 1268 400 1334 Plus.
417 1268 493 1334 Per.
514 1289 572 1332 10:
594 1267 632 1334 '0
655 1273 710 1350 μὲν
733 1269 786 1334 οῦν
808 1268 1047 1354 ἐξοστρακισμὸς
1069 1270 1237 1350 ὡρισμένην
1258 1270 1323 1351 εἶχε

172 1374 252 1458 νόμῳ
277 1375 433 1439 δεκαετίαν
456 1380 519 1440 τοῖς
540 1373 717 1456 φεύγουσιν
740 1377 772 1439 ἐν
793 1378 827 1439 δέ
848 1376 890 1458 τῷ
906 1379 956 1439 διὰ
969 1374 1066 1455 μέσον
1081 1374 1323 1455 Λακεδαιμονίων

172 1477 290 1562 στρατῷ
306 1476 431 1562 μεγάλῳ
452 1480 651 1558 ἐμβαλόντων
674 1479 716 1545 είς
732 1478 788 1557 τῆν
802 1478 994 1562 Ταναγρικὴν
1010 1475 1057 1542 καί
1080 1484 1139 1542 τῶν
1153 1477 1324 1556 Ἀθηναίων

172 1581 258 1647 εὐθὺς
274 1581 471 1663 ὁρμησάντων
486 1581 533 1644 ἐπ’
548 1582 692 1659 αῦτούς,ό
707 1586 763 1662 μέν
779 1584 882 1660 Κίμων
897 1583 997 1646 ἐλθὸν
1009 1584 1040 1645 ἐκ
1056 1583 1109 1659 τῆς
1121 1585 1221 1664 φυγῆς
1236 1582 1323 1645 ἔθετο

171 1688 247 1762 μετὰ
263 1689 322 1748 τῶν
337 1692 479 1765 φυλετῶν
494 1687 536 1752 εἷς
554 1686 651 1769 λόχον
673 1688 711 1748 τά
731 1688 813 1749 ὅπλα
834 1687 882 1749 καὶ
899 1684 937 1749 δι’
954 1686 1050 1768 ἐργων
1066 1686 1255 1750 ἀπολύεσθαι
1270 1684 1324 1748 τὸν

172 1793 372 1865 Λακωνισμὸν
387 1789 534 1867 ἐβούλετο
554 1790 807 1871 συγκινδυνεύσας
827 1795 890 1857 τοῖς
906 1791 1054 1866 πολίταις,
1070 1791 1098 1854 οἶ
1116 1791 1149 1852 δέ
1167 1790 1256 1870 φίλοι
1271 1792 1324 1850 τοῦ

173 1891 358 1972 Περικλέους
379 1890 545 1958 συστάντες
566 1890 729 1970 ἀπήλασαν
750 1892 839 1956 αὐτόν
863 1893 903 1959 ῶς
923 1892 1054 1975 φυγάδα.
1099 1892 1145 1955 διδ
1169 1889 1218 1955 καί
1242 1896 1326 1955 δοκεῖ

173 1997 324 2074 Περικλῆς
336 1997 579 2076 ἐρρωμενέστατα
590 1995 646 2075 τῆν
657 1995 758 2079 μάχην
770 1997 887 2076 ἐκείνην
900 1998 1107 2079 ἀγωνίσασθαι
1120 1993 1170 2059 καί
1180 1995 1323 2078 γενέσθαι

172 2097 291 2161 πάντων
306 2097 547 2178 ἐπιφανέστατος
562 2097 731 2179 άφειδήσας
745 2104 798 2163 τοῦ
819 2104 968 2180 σώματος.
1012 2099 1124 2164 ἔπεσον
1148 2102 1181 2163 δὲ
1202 2098 1323 2162 καὶτοῦ

174 2202 309 2280 Κίμωνος
336 2204 364 2265 οἱ
391 2204 480 2283 φίλοι
506 2202 615 2269 πάντες
639 2204 768 2283 ὁμαλῶς,
793 2202 843 2270 οῦς
869 2207 1023 2284 Περικλῆς
1050 2206 1247 2289 συνεπῃτιᾶτο
1271 2206 1325 2264 τοῦ

174 2310 381 2386 Λακωνισμοῦ·
406 2303 454 2370 καὶ
468 2305 612 2384 μετάνοια
628 2308 709 2386 δεινὴ
728 2308 796 2374 τοὺς
813 2308 990 2385 Ἀθηναίους
1006 2309 1054 2370 καὶ
1070 2307 1163 2371 πόθος
1178 2306 1253 2390 ἐσχε
1272 2310 1324 2367 τοῦ

175 2409 324 2486 Κίμωνος,
338 2409 518 2487 ἡττημένους
536 2412 592 2490 μὲν
610 2409 659 2474 ἐπί
679 2416 740 2475 τῶν
760 2412 838 2491 όρων
858 2415 912 2489 τῆς
933 2407 1079 2488 Ἀττικῆς,
1096 2414 1324 2493 προσδοκῶντας

174 2512 206 2576 δέ
221 2512 318 2593 βαρὺν
338 2516 380 2579 είς
395 2514 480 2579 ἔτους
496 2516 576 2596 ιῦραν
602 2515 747 2593 πόλεμον.
793 2516 981 2595 Λίσθόμενος
1002 2513 1055 2579 οῦν
1071 2515 1087 2577 δ
1104 2517 1256 2594 Περικλῆς
1271 2512 1324 2575 οῦκ

174 2617 291 2694 ὤκνησε
315 2619 501 2700 χαρίσασθαι
519 2623 581 2684 τοῖς
606 2624 746 2697 πολλοῖς,
763 2621 845 2682 ἀλλὰ
868 2619 902 2681 τὸ
925 2618 1076 2700 ψήφισμα
1094 2616 1215 2699 γράψας
1236 2615 1324 2683 αὐτὸς

174 2719 277 2784 ἐκάλει
292 2727 344 2785 τὸν
359 2720 460 2803 ἄνδρα.

219 2835 293 2889 104.
318 2823 416 2888 Com.
442 2823 526 2910 Nep.
552 2824 638 2889 θέοι.
659 2824 705 2890 iii.
735 2845 771 2889 αι
804 2823 909 2890 Cuius
931 2821 1011 2889 faeti
1035 2823 1175 2888 celerius
1197 2822 1324 2886 Athen·

174 2926 280 2989 ienses
309 2949 409 3012 quem
440 2928 549 3013 ipsum
583 2928 759 3014 paenituit.
804 2950 882 2992 nam
913 2950 989 2993 eum
1018 2925 1075 2991 ille
1103 2927 1216 2991 animo
1245 2925 1325 2990 forti

175 3028 320 3094 invidiae
335 3029 542 3115 ingratorum
557 3033 682 3096 civium
699 3032 852 3097 cessisset
867 3031 1057 3116 bellumque
1077 3028 1324 3094 Lacedaemonii

175 3131 432 3197 Atheniensibus
450 3134 660 3213 indixissent,
677 3136 851 3201 confestim
871 3143 969 3200 notae
991 3135 1062 3199 eius
1085 3133 1221 3197 virtutis
1239 3132 1325 3196 desi·

174 3235 301 3298 derium
333 3244 544 3302 consecutum
574 3247 633 3303 est.
679 3237 726 3325 (3)
760 3238 873 3325 itaque
899 3243 975 3324 post
1004 3259 1129 3302 annum
1159 3234 1324 3321 quintum,

174 3359 273 3422 quam
289 3339 446 3423 expulsus
461 3349 542 3419 eret,
557 3342 592 3406 in
608 3343 751 3426 petriam
770 3351 941 3408 revocatus
956 3348 1017 3406 ess.

218 3469 291 3524 105.
315 3457 423 3525 Schol.
448 3461 483 3524 in
507 3462 644 3526 Aristid.
668 3467 719 3527 ὑπ.
744 3489 769 3527 τ.
793 3490 819 3528 τ.
838 3464 899 3548 158
915 3462 947 3527 J.
971 3460 1086 3549 (Dind.
1102 3460 1148 3525 iii.
1173 3481 1205 3544 p.
1227 3455 1324 3545 528):

176 3564 361 3642 Θεόπομπος
378 3563 443 3645 (Fr.
456 3584 496 3644 92
508 3566 543 3630 F.
557 3567 601 3631 H.
613 3567 648 3632 G.
664 3567 685 3632 i.
700 3590 730 3654 p.
746 3565 822 3655 293)
832 3570 865 3633 ἐν
880 3569 921 3654 τῷ
937 3566 1049 3651 δεκάτῳ
1061 3571 1121 3629 τῶν
1132 3568 1326 3628 Φιλιππικῶν

176 3663 243 3745 περὶ
274 3668 422 3745 Κίμωνος·
460 3669 588 3734 Οὐδέπω
615 3672 648 3734 δέ
679 3671 768 3736 πέντε
797 3674 872 3735 ἐτῶν
900 3669 1165 3751 παρεληλυθότων,
1190 3665 1326 3746 πολέμου

176 3767 349 3846 συμβάντος
367 3770 440 3851 πρὸς
464 3776 715 3852 Λακεδαιμονίους
738 3776 754 3836 ὁ
777 3777 869 3854 δῆμος
892 3772 1107 3854 μετεπέμψατο
1121 3772 1174 3836 τὸν
1187 3772 1325 3850 Κίμωνα,

176 3872 303 3949 νομίζων
326 3876 374 3935 διὰ
396 3875 449 3951 τὴν
473 3874 633 3956 προξενίαν
655 3879 804 3963 ταχίστην
823 3876 861 3942 δν
883 3879 972 3942 αῦτδν
993 3876 1113 3958 εἰρήνην
1128 3874 1324 3953 ποιήσασθαι.

177 3975 194 4035 ό
210 3976 241 4036 δὲ
256 3977 496 4054 παραγενόμενος
512 3981 548 4065 τῇ
563 3982 653 4044 πόλει
668 3982 721 4046 τὸν
735 3983 870 4059 πόλεμον
887 3981 1043 4046 κατέλυσε.

219 4074 270 4139 Cf.
286 4074 386 4141 Dind.
401 4078 437 4142 ii.
453 4100 485 4164 p.
503 4082 575 4161 284.

646 4219 849 4307 Oinophyta.

220 4358 296 4415 106.
317 4349 417 4418 Thus.
434 4353 457 4417 i.
477 4358 547 4420 108.
565 4375 592 4432 2,
609 4376 639 4443 3.

219 4477 293 4539 10⁷.
313 4469 412 4541 Diod.
442 4474 488 4542 xi.
520 4482 578 4543 81:
615 4484 677 4546 Τοῦ
713 4480 738 4545 δ’
772 4483 926 4546 ἐνιαυσίου
963 4483 1073 4565 χρόνον
1110 4477 1324 4558 διεληλυθότος
