3000 5046
227 348 268 424 98
437 349 496 407 EX
500 348 667 408 TERNAL
693 342 887 407 HISTORY
914 345 972 404 OF
992 345 1177 416 ATHENS,
1245 353 1307 420 [σα
1322 357 1384 403 111.

228 548 320 609 πόλιν
333 546 568 628 ἐξεπολιόρκησε
579 542 626 609 καὶ
636 547 673 608 τὰ
683 549 810 626 χρυσεῖα
819 542 856 608 τὰ
864 542 960 624 πέραν
972 541 1143 620 Ἀθηναίοις
1152 541 1383 623 προσεκτήσατο

228 651 277 713 καὶ
299 651 411 733 χώραν,
427 650 463 729 ἧς
486 653 621 733 έπῆρχον
642 648 766 726 Θάσιοι,
782 647 968 729 παρέλαβεν.
1015 649 1131 710 ἐκεῖθεν
1142 646 1175 710 δὲ
1189 646 1299 730 ῥᾳδίως
1315 647 1383 710 έπι-

226 756 319 833 βῆναι
336 755 528 820 Μακεδονίας
544 750 592 817 καὶ
613 752 735 832 πολλὴν
755 749 960 831 ἀποτεμέσθαι
975 749 1144 831 παρασχόν,
1161 749 1201 816 ὥς
1217 749 1326 828 έδόκει,
1340 749 1382 829 μὴ

227 854 362 934 θελήσας
378 858 478 922 αἰτίαν
497 858 573 941 ἔσχε
595 857 700 937 δύροις
720 855 779 919 ὑπὸ
799 859 852 919 τοῦ
873 852 1032 933 βασιλέως
1046 850 1250 933 Ἀλεξάνδρου
1266 877 1381 930 συμπε-

226 963 362 1035 πεῖσθαι,
379 961 428 1024 καὶ
442 962 528 1040 δίκην
545 961 640 1043 ἔφυγε
656 968 716 1025 τῶν
731 961 847 1042 έχθρῶν
862 956 1040 1022 συστάντων
1056 955 1103 1019 ἐπ’
1117 955 1217 1021 αὐτόν.

270 1099 326 1152 6ο.
350 1087 447 1153 Corn.
472 1087 556 1174 Nep.
583 1088 666 1153 Cim.
690 1088 725 1153 ii.
751 1102 780 1168 5.
827 1083 965 1151 Thasios
992 1083 1167 1171 opulentia
1191 1082 1294 1150 fretos
1319 1106 1380 1150 suo

225 1189 373 1255 adventu
390 1192 499 1278 fregit.

638 1294 790 1359 ΤΙιιιικίιιιι
813 1291 960 1358 Τιύδιιίν.

269 1443 318 1496 61.
341 1432 374 1496 0.
391 1432 420 1497 I.
442 1433 483 1499 A.
502 1433 523 1498 i.
543 1434 615 1499 226.
631 1430 704 1520 (iv.)
722 1452 771 1511 14.
818 1430 880 1495 See
895 1439 944 1494 11.
964 1441 991 1493 1.

268 1536 302 1600 0.
320 1534 348 1601 I.
367 1536 408 1602 A.
426 1538 447 1601 i.
466 1537 538 1603 228.
554 1536 612 1624 (v.)
631 1557 682 1604 το.
728 1536 789 1601 See
805 1544 853 1599 11.
869 1545 899 1600 3.

268 1638 656 1729 0.I.A.i.231.(v.)9.
703 1640 879 1705 See11.6.

267 1744 301 1808 0.
318 1743 349 1809 I.
366 1745 408 1809 A.
426 1745 447 1809 i.
467 1748 537 1830 236.
553 1745 629 1831 (iii.)
651 1763 699 1829 15.
747 1743 808 1808 See
823 1753 872 1808 11.
890 1754 933 1807 11.

268 1848 302 1912 0.
318 1847 345 1912 J.
363 1848 404 1912 A.
423 1847 445 1914 i.
461 1868 533 1928 242.
548 1846 620 1936 (vi.)
638 1866 664 1929 7.
712 1847 772 1913 See
786 1857 834 1911 11.
853 1858 901 1914 17.

268 1979 322 2032 62.
346 1967 380 2033 θ.
397 1967 427 2033 Ι.
445 1969 488 2034 Α.
504 1969 526 2034 i.
545 1989 606 2054 259
628 1966 695 2054 (01.
713 1969 763 2033 88.
779 1965 857 2054 42),
880 1967 915 2032 ii.
932 1988 972 2051 9:
999 1967 1083 2027 )<>()(
1103 1965 1226 2030 Θάσιοι.

506 2169 570 2235 The
592 2170 744 2235 Βὶοιιοίαν
765 2168 804 2255 of
820 2169 945 2234 Ειιαοα
967 2167 1091 2235 Hodoi.

267 2317 321 2371 66.
344 2306 443 2372 Thuc.
460 2306 482 2371 i.
503 2326 574 2370 100.
591 2325 630 2391 3;
654 2307 698 2372 iv.
719 2325 789 2372 102.
808 2325 836 2372 τ.

266 2447 321 2499 64.
346 2434 442 2500 Diod.
467 2435 512 2500 xi.
538 2450 588 2516 70.
609 2448 648 2516 5:
677 2431 762 2511 ΙἈμα
785 2438 818 2499 δὲ
841 2435 957 2500 τούτοις
980 2432 1194 2516 πραττομένοις
1219 2434 1375 2512 Ἀθηναῖοι

223 2544 531 2620 θαλαττοκρατοῦντες
548 2541 591 2606 είς
607 2539 797 2620 Ἀμφίπολιν
813 2537 990 2621 ἐξέπεμψαν
1004 2537 1162 2621 οἰκήτορας
1176 2539 1306 2621 μυρίους,
1322 2538 1374 2606 αθς

221 2645 277 2722 μὲν
293 2645 325 2706 ἐκ
342 2649 401 2707 τῶν
416 2649 559 2720 πολιτῶν,
577 2642 627 2709 οθς
643 2641 669 2707 δ’
685 2645 718 2706 έκ
739 2649 799 2708 τῶν
820 2642 986 2725 συμμάχων
1002 2642 1230 2722 καταλέξαντες,
1247 2642 1296 2707 καὶ
1318 2643 1374 2721 τὴν

222 2747 324 2829 χώραν
349 2744 688 2829 κατακληρουχήσαντες
707 2745 797 2829 μέχρι
817 2746 874 2827 μέν
897 2771 978 2814 τινος
997 2744 1139 2826 έκράταυν
1159 2753 1219 2810 τῶν
1235 2750 1375 2831 Θρακῶν,

222 2850 349 2932 ὕστερον
378 2853 411 2914 δὲ
441 2850 538 2914 αύτῶν
568 2849 748 2931 ἀναβάντων
778 2851 822 2915 είς
854 2847 977 2933 Θρᾴκην
1015 2849 1130 2928 συνέβη
1161 2849 1276 2916 πάντας
1304 2849 1374 2917 τοὺς

220 3056 320 3137 μένων
334 3060 546 3138 διαφθαρῆναι.

266 3196 319 3249 65.
343 3183 440 3249 Diod.
457 3184 516 3250 xii.
534 3185 584 3249 68.
604 3205 640 3248 1:
672 3185 792 3264 Ταύτην
815 3188 847 3249 δὲ
870 3186 926 3264 τὴν
948 3188 1040 3249 πόλιν
1062 3188 1207 3267 πρότερον
1228 3188 1284 3267 μὲν
1304 3190 1374 3252 έπε·

221 3289 363 3369 χείρησεν
386 3290 509 3367 οἰκίζειν
533 3289 752 3371 Ἀρισταγόρας
780 3290 796 3352 ὁ
823 3287 988 3368 Μιλήσιος,
1015 3291 1138 3372 φεύγων
1166 3295 1296 3369 Δαρεῖον
1322 3297 1374 3356 τδν

220 3392 357 3471 βασιλέα
380 3399 439 3456 τῶν
463 3398 604 3475 Περσῶν·
635 3388 683 3479 (2)
706 3394 821 3457 ἐκείνου
842 3394 875 3457 δὲ
890 3390 1136 3470 τελευτήσαντος,
1153 3389 1201 3456 καὶ
1217 3399 1276 3457 τῶν
1291 3396 1374 3473 οἰκη-

221 3496 316 3577 τόρων
339 3497 529 3562 έκπεσόντων
554 3499 612 3561 ὑπὸ
636 3501 765 3581 Θρᾳκῶν
789 3504 848 3560 τῶν
871 3498 1097 3576 ὀνομαζομένων
1119 3498 1271 3574 Ἠδωνῶν,
1294 3498 1370 3577 μετὰ

221 3604 313 3663 ταῦτα
331 3601 414 3663 ἔτεσι
429 3598 496 3664 δυσὶ
511 3601 585 3682 πρὸς
601 3605 663 3666 τοῖς
677 3599 837 3682 τριάκοντα
851 3601 1008 3679 Ἀθηναῖοι
1023 3601 1144 3682 μυρίους
1157 3599 1314 3682 οἰκήτορας
1330 3603 1373 3669 είς

221 3703 314 3781 αὐτὴν
329 3703 513 3785 ἐξέπεμψαν.
560 3705 669 3781 ὁμοίως
684 3706 716 3767 δὲ
736 3700 784 3768 καὶ
800 3704 912 3768 τούτων
927 3705 985 3767 ύπδ
1002 3707 1130 3789 Θρᾳκῶν
1145 3704 1373 3785 διαφθαρέντων

221 3803 289 3885 περὶ
306 3805 503 3888 Δράβησκον,
518 3807 710 3873 διαλιπόντες
733 3807 783 3886 έτη
805 3807 857 3871 δύο
873 3807 968 3872 πάλιν
983 3806 1186 3886 ἀνεκτήσαντο
1202 3809 1257 3886 τὴν
1279 3808 1373 3873 πόλιν

217 3908 374 3990 Ἅγνωνος
389 3909 565 3991 ἡγουμένου.

265 4050 318 4101 66.
347 4037 429 4102 Hdt.
454 4038 499 4101 ix.
527 4051 576 4119 75.
633 4035 682 4102 Cf.
711 4037 810 4104 Thue.
836 4039 857 4104 i.
883 4056 934 4122 51.
957 4060 987 4117 4.
1047 4040 1080 4104 0.
1109 4037 1139 4104 I.
1167 4039 1210 4104 A.
1243 4039 1264 4103 i.
1300 4059 1372 4121 179,

221 4163 277 4205 vv.
296 4144 345 4217 18,
364 4161 412 4225 19.
457 4141 586 4206 Platon.
604 4139 694 4205 Com.
711 4140 767 4207 Fr.
785 4145 827 4220 64
842 4141 962 4229 (Koek,
979 4143 1000 4208 i.
1018 4165 1049 4230 p.
1067 4141 1153 4229 618).

265 4281 316 4335 67.
339 4269 438 4335 Isocr.
457 4269 475 4330 8
492 4270 531 4334 cle
546 4269 643 4349 Pace,
661 4270 722 4334 86:
745 4268 800 4337 Ἐν
818 4270 908 4356 Δάτιρ
931 4275 964 4336 δὲ
986 4272 1107 4354 μυρίους
1126 4273 1253 4339 ὁπλίτας
1274 4274 1371 4338 αὑτῶν

222 4373 271 4438 καὶ
287 4381 346 4437 τῶν
362 4373 530 4457 συμμάχων
545 4376 718 4440 ἀπώλεσαν.
1165 4396 1174 4411 ·

266 4476 374 4543 Schol.
391 4476 508 4543 Aesch.
526 4497 545 4545 α
561 4477 600 4542 de
607 4475 690 4561 fals.
707 4476 765 4562 le9.
782 4496 834 4563 34.
882 4477 944 4543 See
960 4477 1066 4544 below
1082 4490 1158 4546 676.
