3000 5046
135 379 193 445 τε]
554 374 887 434 οτοοπκνντοκι.
1227 392 1287 454 243

136 567 201 629 καθ’
231 566 267 634 δν
297 571 400 648 καιρὸν
430 572 643 649 Θεμιστοκλῆς
672 572 741 651 περὶ
773 574 929 650 Σαλαμῖνα
958 572 1205 656 κατεναυμάχησε
1235 580 1288 639 τὸν

135 670 249 736 στόλον
263 680 323 738 τῶν
339 678 482 755 Περσῶν,
495 680 640 758 χαλεπῶς
662 675 753 756 έφερε
775 675 830 755 τὴν
852 675 1008 757 ἀναίρεσιν
1028 681 1087 740 τῶν
1102 674 1220 747 τέκνων,
1238 679 1287 741 καὶ

135 777 185 837 διά
199 776 235 840 τὸ
248 776 375 856 μέγεθος
390 780 442 855 τῆς
458 782 618 861 συμφορεῖς
633 778 752 857 ἠλεεῖτο
766 778 847 861 παρὰ
862 783 924 845 τοῖς
942 777 1102 857 πλήθεσιν.
1149 777 1198 866 (3)
1212 782 1285 860 αίαη

135 880 285 962 πυθομένη
302 881 357 962 τῆν
371 883 540 963 παρουσίαν
559 888 612 946 τοῦ
630 882 884 962 Θεμιστοκλέους,
899 882 993 963 ῆλθεν
1016 884 1059 949 είς
1080 882 1118 947 τὰ
1139 885 1287 963 βασίλεια

135 986 283 1067 πενθίμην
305 989 419 1063 ἐσθῆτα
440 990 592 1065 λαβοῦσα,
617 984 666 1050 καί
688 990 763 1068 μετά
785 987 919 1069 δακρύων
942 985 1054 1052 ῖκέτευε
1076 987 1129 1051 τὸν
1151 988 1288 1068 ἀδελφὸν

135 1087 281 1154 ἐπιθεῖναι
292 1091 436 1170 τιμωρίαν
449 1087 490 1174 τῷ
502 1093 714 1168 Θεμιστοκλεῖ.
750 1090 789 1157 ὧς
804 1089 830 1155 δ’
847 1090 881 1154 οὖ
896 1095 1059 1174 προσεῖχεν
1073 1090 1156 1178 οὔτῇ,
1172 1090 1287 1180 περιῄει

135 1190 202 1259 τοὺς
225 1194 363 1274 ἀρίστους
386 1200 447 1258 τῶν
465 1198 595 1270 Περσῶν
617 1193 746 1273 ἀξιοῦσα
764 1193 812 1260 καὶ
835 1195 966 1258 καθόλου
983 1196 1020 1257 τὰ
1040 1193 1142 1274 πλήθη
1158 1193 1286 1276 παροξύ-

134 1321 231 1360 νουσα
255 1302 329 1380 πρδς
360 1296 414 1376 τὴν
436 1302 489 1361 τοῦ
513 1297 757 1377 Θεμιστοκλέους
786 1298 939 1377 τιμωρίαν.
984 1295 1033 1381 (4)
1057 1303 1110 1359 τοτῖ
1139 1297 1165 1361 δ’
1192 1298 1288 1380 ὄχλου

136 1402 357 1482 συνδραμόντος
381 1398 430 1465 ἐπὶ
453 1400 490 1466 τά
516 1402 663 1481 βασίλεια
690 1402 739 1465 καὶ
768 1400 844 1481 μετὰ
869 1403 998 1482 κραυγῆς
1022 1399 1210 1480 ἐξαιτοῦντας
1236 1401 1287 1465 ἐπὶ

135 1505 278 1586 τιμωρίαν
297 1505 350 1570 τάν
368 1503 588 1584 Θεμιστοκλέα,
612 1507 628 1568 ό
648 1505 704 1586 μέν
724 1502 873 1582 βασιλεὺς
891 1504 1073 1585 ἀπεκρίνατο
1096 1502 1288 1585 δικαστήριον

135 1607 338 1687 καταστήσειν
360 1610 392 1672 ἐκ
415 1617 476 1674 τῶν
498 1609 630 1690 ἀρίστων
645 1613 782 1691 Περσῶν,
798 1609 847 1672 καὶ
867 1615 902 1672 τδ
922 1610 1021 1689 κριθέν
1036 1605 1195 1687 τεύξεσθαι
1214 1633 1286 1672 σνν-

134 1712 263 1779 τελείας·
307 1710 355 1799 (5)
385 1712 505 1777 πάντων
540 1715 574 1778 δέ
612 1712 905 1791 συνευδοκησάντων,
936 1713 985 1776 καὶ
1015 1711 1153 1778 δοθέντος
1184 1714 1287 1777 ῖκανοΰ

135 1815 246 1899 χρόνου
268 1817 311 1882 είς
333 1817 388 1896 τὴν
410 1816 602 1899 παρασκευὴν
621 1819 674 1894 τῆς
697 1819 832 1897 κρίσεως,
848 1819 865 1880 ό
884 1818 940 1896 μέν
955 1819 1169 1894 Θεμιστοκλῆς
1186 1817 1287 1888 μαθὼν

135 1916 190 1994 τὴν
205 1918 339 1996 Περσίδα
355 1915 521 1992 διάλεκτον,
541 1914 589 1981 καὶ
609 1917 701 2003 ταύτῃ
721 1915 913 1997 χρησάμενος
935 1918 1009 1979 κατὰ
1030 1915 1086 1994 τῆν
1107 1916 1286 1997 ἀπολογίαν,

135 2020 272 2097 ἀπελύθη
288 2027 347 2085 τῶν
363 2019 567 2102 ἐγκλημάτων.
613 2015 660 2105 (6)
684 2021 700 2082 ό
721 2023 752 2083 δέ
775 2018 925 2098 βασιλεὺς
945 2018 1109 2101 περιχαρὴς
1126 2018 1288 2100 γενόμενος

135 2120 186 2186 ἐπὶ
201 2121 237 2209 τῆ
251 2125 384 2208 σωτηρίᾳ
398 2125 522 2204 τάνδρὸς
536 2122 684 2206 μεγάλαις
698 2123 788 2187 αὐτὸν
800 2127 923 2200 δωρεαῖς
935 2124 1066 2202 ἐτίμησε·
1089 2126 1213 2206 γυναῖκα
1229 2121 1287 2205 γὰρ

136 2227 212 2312 αύτῷ
231 2232 305 2309 πρὸς
326 2225 424 2309 γάμου
448 2229 605 2291 κοινωνίαν
623 2225 723 2306 ἔζευξε
739 2227 887 2309 Περσίδα,
905 2227 1040 2311 εθγενείᾳ
1058 2253 1090 2292 τε
1109 2223 1158 2291 καὶ
1180 2227 1287 2291 κάλλει

135 2328 346 2414 διαφέρουσαν,
371 2331 417 2395 ἐτι
439 2333 472 2394 δέ
494 2331 557 2394 κατ’
581 2330 690 2411 ἀρετὴν
717 2329 945 2410 ἐπαινουμένην,
968 2333 1091 2397 οίκετῶν
1112 2358 1146 2396 τε
1171 2334 1288 2409 πλῆθος

135 2434 209 2516 πρὸς
225 2437 378 2500 διακονίαν
399 2435 448 2498 καὶ
470 2439 670 2498 παντοδαπῶν
684 2434 865 2513 ἐκπωμάτων
887 2432 936 2498 καί
956 2434 1010 2513 τὴν
1027 2434 1127 2514 ἀλλην
1140 2435 1287 2516 χορηγίαν

135 2544 209 2617 πρὸς
225 2538 397 2602 ἀπόλαυσιν
412 2540 462 2602 καὶ
477 2537 594 2621 τρυφὴν
609 2539 807 2620 ἁρμόζουσαν.
853 2537 900 2623 (7)
920 2536 1091 2618 ἐδωρήσατο
1107 2537 1132 2602 δ’
1147 2537 1286 2621 αὐτῷκαὶ

136 2642 242 2708 πόλεις
257 2646 336 2723 τρεῖς
352 2647 425 2724 πρὸς
441 2641 607 2723 διατροφήν
620 2645 669 2706 καὶ
685 2644 857 2706 ἀπόλαυσιν
872 2641 1018 2721 εὐθέτους,
1033 2641 1217 2723 Μαγνησίαν
1231 2642 1286 2718 μὲν

135 2743 191 2822 τὴν
206 2741 255 2808 ἐπὶ
271 2744 311 2830 τῷ
323 2745 497 2828 Μαιάνδρῳ,
512 2749 659 2811 πλεῖστον
673 2751 732 2810 τῶν
748 2745 823 2809 κατὰ
837 2744 1009 2823 τῆνἈσίαν
1020 2745 1140 2808 πόλεων
1152 2743 1287 2825 ἔχουσαν

137 2851 232 2924 σῖτον,
250 2850 293 2914 είς
313 2849 431 2928 ἄρτους,
448 2853 590 2912 Μυοῦντα
611 2851 644 2914 δέ
663 2850 706 2915 είς
724 2850 815 2930 ὄψον,
838 2850 971 2932 ἔχουσαν
988 2847 1141 2912 θάλατταν
1157 2846 1287 2927 εὔιχθυν,

136 2951 307 3032 Λάμψακον
336 2953 377 3032 δέ,
408 2953 623 3032 ἀμπελόφυτον
653 2953 787 3034 ἔχουσαν
820 2952 924 3034 χάραν
955 2949 1085 3029 πολλήν,
1116 2952 1159 3016 είς
1195 2950 1286 3015 οἶνον.

135 3053 206 3142 (58)
221 3059 435 3135 Θεμιστοκλῆς
455 3056 512 3133 μέν
532 3054 585 3119 οὖν
606 3052 766 3123 ἀπολυθεὶς
790 3061 843 3118 τοῖν
865 3054 934 3135 παρ’
947 3053 1082 3132 Ἕλλησι
1105 3055 1217 3134 φόβου,
1238 3051 1287 3117 καὶ

135 3158 309 3240 παραδόξως
324 3161 382 3222 ὑπὸ
396 3161 453 3240 μέν
467 3162 527 3222 τῶν
541 3156 578 3221 τά
592 3157 722 3238 μέγιστα
738 3156 990 3241 εὐεργετηθέντων
1005 3157 1212 3239 φυγαδευθείς,
1228 3156 1288 3221 ὑπὸ

135 3266 167 3327 δέ
182 3269 241 3326 τῖιν
255 3266 293 3327 τὰ
308 3264 463 3327 δεινότατα
484 3261 643 3326 παθόντων
664 3261 878 3344 εὐεργετηθείς,
897 3263 929 3325 ἐν
948 3261 1068 3327 ταύταις
1089 3265 1154 3327 ταῖς
1175 3261 1287 3325 πόλεσι

135 3368 305 3446 κατεβίωσε
319 3363 440 3430 πάντων
458 3365 563 3448 (τῶν)
580 3364 654 3446 πρδς
670 3364 842 3428 ἀπόλαυσιν
858 3365 979 3446 ἀγαθῶν
994 3364 1220 3445 εὐπορούμενος,
1238 3363 1287 3429 καί

133 3468 317 3548 τελευτήσας
341 3471 374 3534 ἐν
396 3472 433 3556 τῆ
456 3470 621 3553 Μαγνησίᾳ
643 3471 740 3550 ταφῆς
763 3470 870 3553 ἔτυχεν
888 3467 1050 3549 ἀξιολόγου
1073 3467 1121 3532 καὶ
1143 3470 1287 3548 μνημείου

133 3578 186 3636 τοῦ
209 3574 252 3637 έτι
275 3578 329 3639 νΰν
350 3575 551 3655 διαμένοντος.
596 3568 643 3660 (2)
665 3575 739 3639 ένιοι
762 3576 794 3637 δέ
818 3579 878 3636 τῶν
904 3571 1107 3655 συγγραφέων
1132 3569 1210 3653 φασῖ
1233 3577 1287 3636 τάν

134 3674 253 3757 Ξέρξην
268 3675 493 3755 ἐπιθυμήσαντα
510 3676 604 3741 πάλιν
624 3676 797 3757 στρατεύειν
812 3674 861 3739 ἐπὶ
880 3675 934 3754 τῆν
948 3674 1085 3739 Ἑλλάδα
1101 3678 1286 3756 παρακαλεῖν

133 3778 186 3844 τὸν
202 3778 414 3860 Θεμιστοκλέα
430 3783 608 3861 στρατηγεῖν
627 3778 676 3843 ἐπὶ
698 3780 750 3843 τοῦ
769 3779 914 3859 πολέμου,
928 3780 981 3844 τὸν
996 3782 1029 3843 δέ
1045 3775 1287 3861 συγχωρήσαντα

133 3885 201 3964 περὶ
230 3883 344 3950 τούτων
372 3883 490 3949 πίστεις
519 3887 632 3962 λαβεῖν
662 3884 801 3963 ἐνόρκους
833 3884 873 3966 μῆ
905 3883 1099 3966 στρατεύσειν
1133 3880 1182 3944 ἐπὶ
1216 3879 1285 3947 τοὺς

129 3982 285 4064 Ἕλληνας
310 3986 381 4052 ἀνευ
405 3987 660 4068 Θεμιστοκλέους.
706 3984 754 4073 (3)
777 3988 1022 4072 σφαγιασθέντος
1048 3990 1079 4051 δὲ
1103 3985 1211 4068 ταύρου
1238 3982 1286 4048 καὶ

133 4094 194 4154 τῶν
209 4090 304 4171 ὅρκων
319 4089 497 4172 γενομένων,
512 4090 566 4155 τὸν
581 4089 793 4171 Θεμιστοκλέα
817 4092 924 4154 κύλικα
946 4095 999 4154 τοῦ
1019 4092 1145 4166 αἵματος
1166 4089 1285 4173 πληρού-

134 4216 231 4256 σαντα
257 4195 372 4257 ἐκπιεῖν
403 4194 451 4256 καὶ
481 4197 664 4276 παραχρῆμα
692 4195 879 4270 τελευτῆσαι.
926 4192 975 4255 καὶ
1004 4191 1058 4256 τὸν
1086 4195 1142 4270 μέν
1168 4189 1287 4271 ΞέρξηνΙ

133 4295 301 4375 ἀποστῆναι
320 4299 372 4375 τῆς
393 4299 543 4377 ἐπιβολῆς
567 4297 684 4375 ταύτης,
704 4296 757 4360 τὸν
779 4298 811 4361 δὲ
827 4297 1038 4377 Θεμιστοκλέα
1061 4294 1111 4359 διὰ
1132 4297 1185 4372 τῆς
1208 4293 1287 4360 ίδίας

132 4402 272 4476 τελευτῆς
294 4401 465 4483 ἀπολογίαν
481 4401 644 4466 ἀπολιπεῖν
667 4401 838 4478 καλλίστην
861 4400 908 4464 ὅτι
930 4405 1030 4465 καλῶς
1053 4395 1232 4476 ἐπολιτεύθη
1247 4393 1285 4459 τά

133 4507 206 4585 πρὸς
235 4502 304 4569 τοὺς
326 4501 494 4582 Ἕλληνας.
554 4500 601 4591 (4)
623 4503 709 4584 ῆμεῖς
738 4507 771 4569 δέ
800 4502 956 4586 πάρεσμεν
985 4502 1034 4566 ἐπὶ
1057 4501 1113 4581 τῆν
1140 4496 1286 4579 τελευτὴν

679 4622 703 4669 R
721 4623 739 4672 2
