3000 5046
217 365 280 408 210
447 350 535 408 THE
557 350 587 408 Α
594 349 792 408 mama
816 349 1139 410 CONSYITUTION.
1257 360 1322 426 [α.
1332 364 1369 431 Υ.

218 549 347 630 ίγείρειν
364 550 605 630 άριστοκρατίαν,
621 549 777 625 κατεβόων
796 546 1012 625 συνιστάμενοι
1026 545 1076 610 καὶ
1090 555 1145 612 τδν
1159 549 1253 624 δῆμον
1267 546 1372 628 έξηρί·

219 653 314 732 θιζον,
330 651 430 716 ἐκεῖνά
450 678 485 717 τε
507 656 544 715 τὰ
563 658 636 731 πρδς
653 651 709 729 τῆν
726 651 864 730 άδελφῆν
879 652 1090 726 ἀνανεούμενοι
1105 653 1156 716 καὶ
1170 650 1373 730 Λακωνισμὸν

219 757 445 823 ἐπικαλοῦντες.
489 759 534 823 είς
547 757 569 820 δ
583 758 633 820 καλ
647 759 687 819 τά
702 755 875 822 Εὐπόλιδος
892 757 1121 836 διατεθρύληται
1137 754 1206 838 τερδ
1221 757 1371 834 Κίμωνος,

218 861 267 925 δτι

415 947 515 1015 Κακύς
537 949 594 1028 μὲν
615 947 668 1010 οὐκ
692 946 738 1025 ῆν,
761 948 932 1025 φιλοπότης
953 949 986 1010 δὲ
1009 945 1152 1025 κάμελής·

416 1051 526 1116 κάι·ίοτ’
549 1051 588 1115 ἂν
608 1051 783 1130 άτεκοιμῶτ’
805 1050 844 1114 άν
865 1053 899 1114 έν
921 1054 1121 1130 Λακεδαίμονι

413 1155 470 1221 κᾶν
490 1155 671 1235 Ἐλπινίκην
691 1154 781 1234 τήνδε
802 1156 978 1218 καταλιπὸν
998 1156 1104 1233 μάνην.

220 1263 247 1325 εί
265 1261 291 1325 δ’
305 1261 428 1340 άμελῶν
451 1261 501 1324 καὶ
523 1262 747 1339 μεθυσκόμενος
767 1260 916 1324 τοσαύτας
936 1260 1043 1324 τάλεις
1064 1259 1128 1323 εἷλε
1150 1260 1200 1323 καὶ
1221 1259 1373 1325 τοσαύτας

219 1365 303 1432 νίκας
328 1365 461 1442 ἐνίκησε,
486 1368 581 1442 δῆλον
604 1366 652 1428 δτι
677 1363 829 1444 νήφοντος
857 1364 947 1427 αὐτοῦ
974 1365 1022 1425 καὶ
1046 1364 1252 1446 προσέχοντος
1274 1361 1373 1431 οὐδεὶς

219 1469 258 1533 ῶν
287 1468 356 1532 οὐτε
381 1475 443 1534 τῶν
467 1471 614 1549 πρότερον
638 1468 707 1532 οὐτε
733 1473 794 1532 τῶν
818 1470 946 1549 ὕστερον
969 1465 1129 1543 Ἑλλήνων
1155 1471 1292 1549 παρῆλθε
1316 1466 1372 1534 τάς

219 1571 353 1655 πράξεις.

263 1675 334 1762 (16)
351 1675 416 1741 Ἦν
433 1678 491 1758 μὲν
509 1677 562 1742 οὐν
577 1677 627 1743 ὄπ’
644 1678 738 1759 άρχῆς
755 1675 945 1757 φιλολάκων
986 1677 1036 1740 καὶ
1051 1681 1112 1740 τῶν
1124 1702 1161 1755 γε
1175 1676 1293 1740 παίδων
1310 1681 1373 1740 τῶν

220 1781 350 1860 διδύμων
371 1782 424 1846 τὸν
446 1783 549 1863 ἕτερον
563 1783 802 1859 Λακεδαιμόνιον
823 1781 974 1859 ῶνάμασε,
998 1781 1051 1844 τὸν
1072 1777 1099 1844 δ’
1113 1780 1217 1861 έτερον
1230 1778 1373 1859 Ἠλεῖον,

220 1888 254 1950 ίκ
275 1892 416 1967 γυναικὸς
439 1886 517 1970 αὐτῷ
542 1888 718 1967 Κλειτορίας
740 1886 925 1968 γενομένους,
941 1885 981 1950 ῶς
998 1885 1226 1966 Στησίμβροτος
1246 1885 1373 1965 ἱστορεῖ·

219 1995 266 2054 διδ
296 1990 446 2056 πολλάκις
474 1997 527 2055 τδν
552 1989 705 2071 Περικλέα
731 1995 765 2052 τδ
794 1989 931 2074 μητρῷον
959 1988 1060 2055 αὐτοῖς
1088 1987 1176 2069 γένος
1205 1988 1373 2066 ὀνειδίζειν.

222 2094 374 2175 Διόδωρος
399 2097 423 2158 δ’
449 2095 466 2157 ά
493 2093 683 2175 Περιηγητὴς
710 2093 759 2157 καὶ
784 2093 906 2159 τούτους
931 2094 1010 2174 φησὶ
1033 2092 1083 2154 καὶ
1107 2091 1162 2155 τὸν
1183 2093 1284 2171 τρίτον
1310 2098 1374 2156 τῶν

221 2199 359 2275 Κίμωνος
381 2199 456 2263 υἱῶν
478 2201 646 2263 Θεσσαλὸν
667 2194 704 2274 έξ
714 2195 864 2274 Ἰσοδίκης
886 2196 1043 2278 γεγονέναι
1064 2198 1118 2271 τῆς
1139 2194 1373 2275 Εὐρυπτολέμου

223 2305 276 2365 τοῦ
298 2300 503 2381 Μεγακλέους.
546 2298 660 2379 ηὐξήθη
682 2297 710 2364 δ’
723 2300 782 2363 ὐπὸ
803 2307 864 2365 τῶν
880 2301 1122 2377 Λακεδαιμονίων
1140 2297 1195 2376 ἤδη
1213 2298 1255 2383 τᾷ
1274 2301 1373 2379 Θεμι-

222 2408 347 2468 στοκλεῖ
364 2403 658 2484 προσπολεμούντων
675 2405 725 2466 καὶ
742 2407 848 2468 τοῦτον
868 2406 941 2467 ὄντα
959 2404 1030 2469 νέον
1046 2405 1079 2466 έν
1092 2401 1235 2481 Ἀθήναις
1249 2406 1374 2480 μάλλον

223 2506 342 2591 ίσχύειν
362 2509 411 2569 καὶ
434 2511 553 2589 κρατεῖν
570 2506 778 2587 βουλομένων.
832 2509 861 2570 οί
876 2505 902 2570 δ’
917 2507 1073 2584 Ἀθηναῖοι
1087 2505 1123 2569 τὸ
1139 2512 1255 2586 πρῶτον
1273 2505 1372 2582 ἡδέως

222 2611 323 2690 εἰύρων
347 2612 382 2676 οὐ
406 2610 496 2690 μικρά
520 2614 574 2688 τῆς
600 2617 674 2691 πρὸς
704 2613 820 2675 ἐκεῖνον
847 2610 963 2676 εὐναίας
985 2616 1045 2674 τῶν
1070 2613 1266 2690 Σπαρτιατῶν
1293 2609 1371 2673 ἆπο·

221 2715 375 2781 λούοντες·
406 2712 619 2794 αὐξανομένοις
641 2718 699 2797 γὰρ
721 2715 821 2780 αὐτοῖς
847 2714 911 2778 κοτ’
936 2714 1032 2798 ἀρχὰς
1058 2715 1108 2776 καὶ
1133 2716 1170 2777 τά
1197 2713 1373 2796 συμμαχικὰ

222 2823 530 2900 πολυπραγμονοῦσιν
552 2819 603 2882 οὐκ
626 2817 758 2900 ἤχθοντο
779 2815 851 2903 τιμῇ
871 2815 921 2883 καὶ
941 2817 1043 2902 χάριτι
1066 2821 1119 2882 τοῦ
1141 2819 1288 2897 Κίμωνος.
1331 2816 1372 2881 τῶ

221 2921 279 3004 γὰρ
295 2925 426 2987 πλεῖστα
441 2921 479 2986 δι’
494 2923 607 2986 ἐκείνου
621 2928 682 2985 τῶν
695 2921 886 3001 Ἑλληνικῶν
899 2920 1101 3001 διεπράττετο,
1124 2919 1225 3005 πράως
1239 2925 1295 3000 μὲν
1309 2924 1373 2985 τοῖς

221 3025 402 3109 συμμάχοις,
418 3027 640 3110 κεχαρισμένως
659 3030 690 3091 δὲ
703 3031 766 3093 τοῖς
778 3026 1026 3107 Λακεδαιμονίοις
1041 3028 1224 3103 ὁμιλοῦντος.
1265 3025 1373 3090 ἔπειτα

221 3130 416 3210 δυνατῶτεροι
438 3130 595 3212 γενόμενοι
618 3126 666 3193 καὶ
687 3135 742 3195 τδν
757 3131 881 3209 Κίμωνα
902 3136 966 3197 τοῖς
981 3127 1183 3209 Σπαρτιάταις
1204 3129 1256 3193 οὐκ
1277 3127 1372 3208 ήρίμα

220 3232 439 3315 προσκείμενον
454 3235 581 3314 ὁρῶντες
600 3232 740 3316 ἤχθοντο.
785 3233 906 3314 καὶγὰρ
921 3232 1009 3298 αὐτὸς
1024 3229 1073 3296 έπὶ
1088 3235 1178 3297 παντὶ
1193 3232 1373 3315 μεγαλύνων

220 3337 276 3418 τῆν
298 3337 506 3417 Λακεδαίμονα
528 3342 601 3418 πρὸς
614 3334 803 3414 Ἀθηναίους,
828 3337 878 3401 καλ
903 3337 1038 3416 μάλιστα
1064 3339 1115 3402 ὅτε
1142 3337 1229 3419 τύχοι
1251 3337 1371 3416 μεμφό·

220 3467 310 3519 μενος
328 3441 429 3509 αὐτοῖς
450 3439 470 3520 ῆ
493 3439 678 3522 παροξύνων,
701 3443 741 3508 ὥς
763 3450 842 3522 φησι
868 3443 1108 3522 Στησίμβροτος,
1134 3441 1233 3505 είάθει
1257 3441 1371 3523 λέγειν’

219 3544 324 3608 “άλλ’
344 3545 378 3608 οὐ
401 3545 631 3624 Λακεδαιμόνιοί
651 3570 687 3626 γε
709 3543 866 3610 τοιοῦτοι.”
913 3548 982 3609 ὅθεν
1003 3547 1119 3625 φθόνον
1139 3545 1233 3629 ἑαυτῷ
1257 3547 1372 3626 συνῆγε

223 3646 271 3712 καί
286 3648 465 3728 δυσμένειάν
481 3674 548 3712 τινα
564 3647 643 3729 παρὰ
658 3653 718 3712 τῶν
733 3654 876 3713 πολιτῶν.
920 3648 939 3727 ἡ
955 3646 981 3712 δ’
995 3648 1048 3714 οὐν
1065 3648 1220 3728 ἰσχύσασα
1234 3646 1373 3726 μάλιστα

223 3750 286 3814 κατ’
302 3752 391 3816 αὐτοῦ
405 3759 467 3817 τῶν
482 3757 638 3826 διαβολῶν
654 3752 751 3815 αἰτίαν
766 3752 842 3835 ἔσχε
858 3749 1110 3832 τοιαύτην-ὃθεν
1125 3760 1207 3816 VII.
1224 3762 1277 3816 64„

574 3950 800 4017 Βαιιίείινιντιί
821 3951 860 4036 os
876 3951 912 4014 K
915 3952 1018 4017 imon.

267 4099 320 4153 83.
343 4087 428 4154 ΡΙῑιύ.
445 4087 520 4153 Per.
540 4108 580 4173 9:
606 4089 663 4153 Διὸ
688 4087 736 4153 καὶ
761 4094 884 4170 μᾶλλον
907 4092 1039 4174 ἰσχύσας
1064 4093 1080 4154 ὁ
1103 4095 1256 4172 Περικλῆς
1279 4093 1312 4156 έν
1329 4092 1374 4176 τῷ

221 4191 306 4276 δήμῳ
337 4195 560 4256 κατεστασίασε
588 4194 643 4272 τήν
672 4193 798 4273 βουλήν,
824 4196 904 4258 ὥστε
930 4196 984 4275 τὴν
1012 4200 1067 4275 μὲν
1094 4197 1292 4277 ἀφαιρεθῆναι
1318 4197 1373 4262 τῶς

223 4297 370 4361 πλείστας
387 4297 500 4377 κρίσεις
515 4295 553 4361 δι’
568 4295 746 4380 Ἐφιάλτου,
763 4301 885 4380 Κίμωνα
902 4296 928 4362 δ’
943 4299 982 4366 ῶς
997 4299 1195 4380 φιλολάκωνα
1215 4296 1263 4362 καὶ
1282 4299 1372 4377 μισά-

222 4403 319 4479 δημον
335 4397 614 4479 ἐξοστρακισθῆναι,
627 4403 748 4488 πλούτῳ
757 4404 813 4483 μὲν
825 4400 873 4466 καὶ
884 4402 966 4485 γένει
981 4409 1108 4483 μηδενὸς
1120 4403 1373 4483 άπολειπάμενον,

221 4504 307 4570 νίκας
322 4507 354 4570 δὲ
369 4505 537 4574 καλλίστας
553 4506 725 4585 νενικηκότα
741 4505 809 4572 τούς
822 4507 999 4589 βαρβάρους
1012 4509 1060 4571 καὶ
1072 4507 1233 4591 χρημάτων
1245 4512 1374 4572 πολλῶν
