<?xml version="1.0" encoding="UTF-8"?>
<!DOCTYPE html PUBLIC "-//W3C//DTD XHTML 1.0 Transitional//EN"
    "http://www.w3.org/TR/xhtml1/DTD/xhtml1-transitional.dtd">
<html xmlns="http://www.w3.org/1999/xhtml" xml:lang="en" lang="en">
 <head>
  <title>
</title>
<meta http-equiv="Content-Type" content="text/html;charset=utf-8" />
  <meta name='ocr-system' content='tesseract 3.04.00' />
  <meta name='ocr-capabilities' content='ocr_page ocr_carea ocr_par ocr_line ocrx_word'/>
</head>
<body>
  <div class='ocr_page' id='page_1' title='image "./sourcesforgreek00hillgoog/sourcesforgreek00hillgoog_0336.png"; bbox 0 0 3000 5046; ppageno 0'>
   <div class='ocr_carea' id='block_1_1' title="bbox 211 366 1373 448">
    <p class='ocr_par' dir='ltr' id='par_1_1' title="bbox 211 366 1373 448">
     <span class='ocr_line' id='line_1_1' title="bbox 211 366 1373 448; baseline 0.005 -21"><span class='ocrx_word' id='word_1_1' title='bbox 211 366 273 445; x_wconf 80' lang='lat'>318</span> <span class='ocrx_word' id='word_1_2' title='bbox 533 369 620 429; x_wconf 83' lang='lat' dir='ltr'>THE</span> <span class='ocrx_word' id='word_1_3' title='bbox 647 370 857 431; x_wconf 85' lang='lat' dir='ltr'><em>WESTERN</em></span> <span class='ocrx_word' id='word_1_4' title='bbox 881 372 1060 434; x_wconf 84' lang='lat' dir='ltr'><em>GREEKS.</em></span> <span class='ocrx_word' id='word_1_5' title='bbox 1204 383 1269 448; x_wconf 61' lang='grc' dir='ltr'>[σιμ</span> <span class='ocrx_word' id='word_1_6' title='bbox 1281 386 1373 434; x_wconf 83' lang='lat' dir='ltr'>vm.</span> 
     </span>
    </p>
   </div>
   <div class='ocr_carea' id='block_1_2' title="bbox 211 564 1373 751">
    <p class='ocr_par' dir='ltr' id='par_1_2' title="bbox 211 564 1373 751">
     <span class='ocr_line' id='line_1_2' title="bbox 214 564 1373 650; baseline 0.009 -24"><span class='ocrx_word' id='word_1_7' title='bbox 214 564 429 648; x_wconf 77' lang='grc' dir='ltr'>Καρχηδονίων</span> <span class='ocrx_word' id='word_1_8' title='bbox 458 567 655 647; x_wconf 86' lang='grc' dir='ltr'>χειρωθείσης</span> <span class='ocrx_word' id='word_1_9' title='bbox 686 564 735 630; x_wconf 79' lang='grc' dir='ltr'>καὶ</span> <span class='ocrx_word' id='word_1_10' title='bbox 764 569 1020 649; x_wconf 79' lang='grc' dir='ltr'>κατασκαφείσης,</span> <span class='ocrx_word' id='word_1_11' title='bbox 1050 570 1198 650; x_wconf 76' lang='grc' dir='ltr'>διέμεινεν</span> <span class='ocrx_word' id='word_1_12' title='bbox 1228 570 1373 649; x_wconf 87' lang='grc' dir='ltr'>άοίκητος</span> 
     </span>
     <span class='ocr_line' id='line_1_3' title="bbox 211 665 686 751; baseline 0.004 -21"><span class='ocrx_word' id='word_1_13' title='bbox 211 665 301 751; x_wconf 92' lang='grc' dir='ltr'>μέχρι</span> <span class='ocrx_word' id='word_1_14' title='bbox 316 673 378 732; x_wconf 74' lang='grc' dir='ltr'>τῶν</span> <span class='ocrx_word' id='word_1_15' title='bbox 392 665 458 730; x_wconf 91' lang='grc' dir='ltr'>καθ’</span> <span class='ocrx_word' id='word_1_16' title='bbox 472 665 550 748; x_wconf 77' lang='grc' dir='ltr'>ἡμᾶς</span> <span class='ocrx_word' id='word_1_17' title='bbox 567 675 686 750; x_wconf 75' lang='grc' dir='ltr'>καιρῶν.</span> 
     </span>
    </p>
   </div>
   <div class='ocr_carea' id='block_1_3' title="bbox 211 811 1374 1319">
    <p class='ocr_par' dir='ltr' id='par_1_3' title="bbox 211 811 1374 1319">
     <span class='ocr_line' id='line_1_4' title="bbox 256 811 1374 901; baseline 0.005 -25"><span class='ocrx_word' id='word_1_18' title='bbox 256 823 313 876; x_wconf 82' lang='grc'>44.</span> <span class='ocrx_word' id='word_1_19' title='bbox 338 811 446 879; x_wconf 79' lang='lat' dir='ltr'><strong>Strab.</strong></span> <span class='ocrx_word' id='word_1_20' title='bbox 464 811 507 878; x_wconf 74' lang='grc' dir='ltr'>υἱ</span> <span class='ocrx_word' id='word_1_21' title='bbox 526 832 555 878; x_wconf 82' lang='lat'>2.</span> <span class='ocrx_word' id='word_1_22' title='bbox 575 832 593 899; x_wconf 88' lang='lat'><em>3</em></span> <span class='ocrx_word' id='word_1_23' title='bbox 616 811 726 901; x_wconf 84' lang='lat'><strong>(268):</strong></span> <span class='ocrx_word' id='word_1_24' title='bbox 753 815 912 896; x_wconf 85' lang='grc' dir='ltr'>Ἀπέβαλε</span> <span class='ocrx_word' id='word_1_25' title='bbox 935 819 967 882; x_wconf 75' lang='grc' dir='ltr'>δὲ</span> <span class='ocrx_word' id='word_1_26' title='bbox 989 816 1056 884; x_wconf 80' lang='grc' dir='ltr'>τοὺς</span> <span class='ocrx_word' id='word_1_27' title='bbox 1072 816 1230 901; x_wconf 73' lang='grc' dir='ltr'>οἰκήτορας</span> <span class='ocrx_word' id='word_1_28' title='bbox 1246 817 1318 885; x_wconf 77' lang='grc' dir='ltr'>τοὺς</span> <span class='ocrx_word' id='word_1_29' title='bbox 1335 815 1374 897; x_wconf 74' lang='grc' dir='ltr'>ἐξ</span> 
     </span>
     <span class='ocr_line' id='line_1_5' title="bbox 212 916 1371 1004; baseline 0.002 -20"><span class='ocrx_word' id='word_1_30' title='bbox 212 919 308 1001; x_wconf 72' lang='grc' dir='ltr'>ἀρχῆς</span> <span class='ocrx_word' id='word_1_31' title='bbox 333 916 352 995; x_wconf 81' lang='grc' dir='ltr'><em>ἡ</em></span> <span class='ocrx_word' id='word_1_32' title='bbox 375 916 506 996; x_wconf 80' lang='grc' dir='ltr'>Κατάνη,</span> <span class='ocrx_word' id='word_1_33' title='bbox 527 919 752 985; x_wconf 75' lang='grc' dir='ltr'>κατοικίσαντας</span> <span class='ocrx_word' id='word_1_34' title='bbox 775 917 892 1000; x_wconf 82' lang='grc' dir='ltr'>ἑτέρους</span> <span class='ocrx_word' id='word_1_35' title='bbox 905 916 1041 1002; x_wconf 88' lang='grc' dir='ltr'>Ἱέρωνος</span> <span class='ocrx_word' id='word_1_36' title='bbox 1062 927 1115 985; x_wconf 79' lang='grc' dir='ltr'>τοῦ</span> <span class='ocrx_word' id='word_1_37' title='bbox 1135 922 1371 1004; x_wconf 85' lang='grc' dir='ltr'>Συρακουσσίων</span> 
     </span>
     <span class='ocr_line' id='line_1_6' title="bbox 212 1020 1370 1104; baseline 0.005 -19"><span class='ocrx_word' id='word_1_38' title='bbox 212 1020 356 1103; x_wconf 90' lang='grc' dir='ltr'>τυράννου</span> <span class='ocrx_word' id='word_1_39' title='bbox 378 1021 428 1085; x_wconf 82' lang='grc' dir='ltr'>καὶ</span> <span class='ocrx_word' id='word_1_40' title='bbox 443 1021 749 1104; x_wconf 79' lang='grc' dir='ltr'>προσαγορεύσαντος</span> <span class='ocrx_word' id='word_1_41' title='bbox 765 1022 857 1102; x_wconf 76' lang='grc' dir='ltr'>αι’πὴν</span> <span class='ocrx_word' id='word_1_42' title='bbox 871 1024 985 1101; x_wconf 83' lang='grc' dir='ltr'>Αἴτνην</span> <span class='ocrx_word' id='word_1_43' title='bbox 999 1024 1065 1090; x_wconf 82' lang='grc' dir='ltr'>ἀντὶ</span> <span class='ocrx_word' id='word_1_44' title='bbox 1081 1025 1229 1104; x_wconf 85' lang='grc' dir='ltr'>Κατάνης.</span> <span class='ocrx_word' id='word_1_45' title='bbox 1259 1025 1370 1103; x_wconf 74' lang='grc' dir='ltr'>ταύτης</span> 
     </span>
     <span class='ocr_line' id='line_1_7' title="bbox 213 1121 1368 1217; baseline 0.004 -29"><span class='ocrx_word' id='word_1_46' title='bbox 213 1125 245 1188; x_wconf 66' lang='grc' dir='ltr'>δέ</span> <span class='ocrx_word' id='word_1_47' title='bbox 262 1121 311 1188; x_wconf 77' lang='grc' dir='ltr'>καὶ</span> <span class='ocrx_word' id='word_1_48' title='bbox 330 1125 481 1206; x_wconf 87' lang='grc' dir='ltr'>Πίνδαρος</span> <span class='ocrx_word' id='word_1_49' title='bbox 497 1125 635 1204; x_wconf 85' lang='grc' dir='ltr'>κτίστορα</span> <span class='ocrx_word' id='word_1_50' title='bbox 651 1124 737 1208; x_wconf 97' lang='grc' dir='ltr'>λέγει</span> <span class='ocrx_word' id='word_1_51' title='bbox 752 1125 841 1190; x_wconf 81' lang='grc' dir='ltr'>αιἰτδν</span> <span class='ocrx_word' id='word_1_52' title='bbox 856 1126 929 1191; x_wconf 82' lang='grc' dir='ltr'>ὅταν</span> <span class='ocrx_word' id='word_1_53' title='bbox 944 1127 989 1215; x_wconf 80' lang='grc' dir='ltr'>φῇ</span> <span class='ocrx_word' id='word_1_54' title='bbox 1010 1132 1027 1162; x_wconf 85' lang='grc'><strong>“</strong></span> <span class='ocrx_word' id='word_1_55' title='bbox 1038 1126 1123 1206; x_wconf 76' lang='grc' dir='ltr'>ξύνες</span> <span class='ocrx_word' id='word_1_56' title='bbox 1145 1123 1194 1217; x_wconf 86' lang='grc' dir='ltr'>[ὅ]</span> <span class='ocrx_word' id='word_1_57' title='bbox 1211 1153 1257 1192; x_wconf 87' lang='grc' dir='ltr'>τοι</span> <span class='ocrx_word' id='word_1_58' title='bbox 1274 1128 1368 1212; x_wconf 82' lang='grc' dir='ltr'>λέγω,</span> 
     </span>
     <span class='ocr_line' id='line_1_8' title="bbox 211 1226 1346 1319; baseline 0.006 -28"><span class='ocrx_word' id='word_1_59' title='bbox 211 1228 325 1307; x_wconf 78' lang='grc' dir='ltr'>ζαθέων</span> <span class='ocrx_word' id='word_1_60' title='bbox 340 1226 428 1309; x_wconf 81' lang='grc' dir='ltr'>ίέρων</span> <span class='ocrx_word' id='word_1_61' title='bbox 443 1228 579 1306; x_wconf 79' lang='grc' dir='ltr'>ὁμώνυμε</span> <span class='ocrx_word' id='word_1_62' title='bbox 595 1226 697 1310; x_wconf 90' lang='grc' dir='ltr'>πάτερ,</span> <span class='ocrx_word' id='word_1_63' title='bbox 714 1228 835 1310; x_wconf 83' lang='grc' dir='ltr'>κτίστορ</span> <span class='ocrx_word' id='word_1_64' title='bbox 853 1229 993 1297; x_wconf 87' lang='grc' dir='ltr'>Αίτυας.”</span> <span class='ocrx_word' id='word_1_65' title='bbox 1037 1229 1110 1318; x_wconf 74' lang='lat' dir='ltr'><em>(Fr.</em></span> <span class='ocrx_word' id='word_1_66' title='bbox 1127 1247 1164 1314; x_wconf 89' lang='lat'>71</span> <span class='ocrx_word' id='word_1_67' title='bbox 1185 1231 1346 1319; x_wconf 79' lang='lat' dir='ltr'><strong>Boeckh.)</strong></span> 
     </span>
    </p>
   </div>
   <div class='ocr_carea' id='block_1_4' title="bbox 254 1472 1023 1716">
    <p class='ocr_par' dir='ltr' id='par_1_4' title="bbox 254 1472 1023 1716">
     <span class='ocr_line' id='line_1_9' title="bbox 551 1472 1023 1561; baseline 0.006 -21"><span class='ocrx_word' id='word_1_68' title='bbox 551 1472 641 1541; x_wconf 71' lang='lat' dir='ltr'><em>Sikel</em></span> <span class='ocrx_word' id='word_1_69' title='bbox 662 1472 748 1541; x_wconf 77' lang='grc' dir='ltr'>θανά</span> <span class='ocrx_word' id='word_1_70' title='bbox 770 1475 1023 1561; x_wconf 57' lang='grc' dir='ltr'>αρψορυὶαθοθ.</span> 
     </span>
     <span class='ocr_line' id='line_1_10' title="bbox 254 1627 926 1716; baseline -0.004 -18"><span class='ocrx_word' id='word_1_71' title='bbox 254 1643 310 1702; x_wconf 72' lang='lat'>45.</span> <span class='ocrx_word' id='word_1_72' title='bbox 332 1629 430 1697; x_wconf 86' lang='lat' dir='ltr'><strong>Diod.</strong></span> <span class='ocrx_word' id='word_1_73' title='bbox 446 1629 492 1696; x_wconf 86' lang='lat' dir='ltr'>xi.</span> <span class='ocrx_word' id='word_1_74' title='bbox 509 1629 560 1713; x_wconf 87' lang='lat'>76.</span> <span class='ocrx_word' id='word_1_75' title='bbox 577 1648 608 1716; x_wconf 77' lang='grc'>3.</span> <span class='ocrx_word' id='word_1_76' title='bbox 652 1627 715 1696; x_wconf 70' lang='lat' dir='ltr'>See</span> <span class='ocrx_word' id='word_1_77' title='bbox 731 1629 840 1697; x_wconf 80' lang='lat' dir='ltr'><strong>below</strong></span> <span class='ocrx_word' id='word_1_78' title='bbox 854 1641 926 1696; x_wconf 75' lang='lat'><strong>1⁶⁶.</strong></span> 
     </span>
    </p>
   </div>
   <div class='ocr_carea' id='block_1_5' title="bbox 254 1873 1365 3281">
    <p class='ocr_par' dir='ltr' id='par_1_5' title="bbox 254 1873 1365 2451">
     <span class='ocr_line' id='line_1_11' title="bbox 606 1873 971 1945; baseline 0.008 -6"><span class='ocrx_word' id='word_1_79' title='bbox 606 1873 710 1940; x_wconf 69' lang='lat' dir='ltr'><em>Dorio</em></span> <span class='ocrx_word' id='word_1_80' title='bbox 734 1875 971 1945; x_wconf 70' lang='lat' dir='ltr'><em>Imtitwtiom.</em></span> 
     </span>
     <span class='ocr_line' id='line_1_12' title="bbox 254 2036 766 2126; baseline -0.006 -17"><span class='ocrx_word' id='word_1_81' title='bbox 254 2054 310 2110; x_wconf 78' lang='lat'>46.</span> <span class='ocrx_word' id='word_1_82' title='bbox 331 2039 427 2106; x_wconf 85' lang='lat' dir='ltr'><strong>Pind.</strong></span> <span class='ocrx_word' id='word_1_83' title='bbox 441 2037 540 2126; x_wconf 73' lang='grc' dir='ltr'>Ρμίθι.</span> <span class='ocrx_word' id='word_1_84' title='bbox 555 2038 578 2105; x_wconf 89' lang='lat' dir='ltr'>i.</span> <span class='ocrx_word' id='word_1_85' title='bbox 593 2039 636 2121; x_wconf 87' lang='lat'>58</span> <span class='ocrx_word' id='word_1_86' title='bbox 651 2036 766 2125; x_wconf 86' lang='lat'>(111):</span> 
     </span>
     <span class='ocr_line' id='line_1_13' title="bbox 342 2157 1002 2243; baseline -0.002 -17"><span class='ocrx_word' id='word_1_87' title='bbox 342 2167 457 2239; x_wconf 87' lang='grc' dir='ltr'>Μοῖσα,</span> <span class='ocrx_word' id='word_1_88' title='bbox 481 2157 530 2225; x_wconf 74' lang='grc' dir='ltr'>καὶ</span> <span class='ocrx_word' id='word_1_89' title='bbox 552 2159 612 2242; x_wconf 83' lang='grc' dir='ltr'>πάρ</span> <span class='ocrx_word' id='word_1_90' title='bbox 636 2160 812 2238; x_wconf 86' lang='grc' dir='ltr'>Δεινομένει</span> <span class='ocrx_word' id='word_1_91' title='bbox 835 2164 1002 2243; x_wconf 81' lang='grc' dir='ltr'>κελαδῆσαι</span> 
     </span>
     <span class='ocr_line' id='line_1_14' title="bbox 340 2264 1365 2350; baseline -0.003 -17"><span class='ocrx_word' id='word_1_92' title='bbox 340 2267 428 2333; x_wconf 83' lang='grc' dir='ltr'>πίθεό</span> <span class='ocrx_word' id='word_1_93' title='bbox 449 2290 501 2347; x_wconf 95' lang='grc' dir='ltr'>μοι</span> <span class='ocrx_word' id='word_1_94' title='bbox 523 2264 632 2330; x_wconf 82' lang='grc' dir='ltr'>ποινὰν</span> <span class='ocrx_word' id='word_1_95' title='bbox 653 2265 834 2347; x_wconf 90' lang='grc' dir='ltr'>τεθρίππων.</span> <span class='ocrx_word' id='word_1_96' title='bbox 860 2266 961 2350; x_wconf 91' lang='grc' dir='ltr'>χάρμα</span> <span class='ocrx_word' id='word_1_97' title='bbox 980 2266 1078 2332; x_wconf 79' lang='grc' dir='ltr'>δ’·οθκ</span> <span class='ocrx_word' id='word_1_98' title='bbox 1098 2268 1261 2349; x_wconf 86' lang='grc' dir='ltr'>άλλάτριον</span> <span class='ocrx_word' id='word_1_99' title='bbox 1277 2294 1365 2334; x_wconf 92' lang='grc' dir='ltr'>νικα-</span> 
     </span>
     <span class='ocr_line' id='line_1_15' title="bbox 425 2367 676 2451; baseline -0.008 -18"><span class='ocrx_word' id='word_1_100' title='bbox 425 2369 520 2451; x_wconf 83' lang='grc' dir='ltr'>φορία</span> <span class='ocrx_word' id='word_1_101' title='bbox 541 2367 676 2450; x_wconf 78' lang='grc' dir='ltr'>πατέρος.</span> 
     </span>
    </p>

    <p class='ocr_par' dir='ltr' id='par_1_6' title="bbox 337 2468 1226 2761">
     <span class='ocr_line' id='line_1_16' title="bbox 339 2468 1226 2558; baseline -0.001 -19"><span class='ocrx_word' id='word_1_102' title='bbox 339 2473 387 2558; x_wconf 85' lang='grc' dir='ltr'>άγ’</span> <span class='ocrx_word' id='word_1_103' title='bbox 411 2468 504 2539; x_wconf 81' lang='grc' dir='ltr'>ἔπειτ’</span> <span class='ocrx_word' id='word_1_104' title='bbox 526 2473 638 2539; x_wconf 87' lang='grc' dir='ltr'>Αίτνας</span> <span class='ocrx_word' id='word_1_105' title='bbox 658 2477 790 2552; x_wconf 82' lang='grc' dir='ltr'>βασιλεῖ</span> <span class='ocrx_word' id='word_1_106' title='bbox 810 2472 916 2554; x_wconf 82' lang='grc' dir='ltr'>φίλιον</span> <span class='ocrx_word' id='word_1_107' title='bbox 938 2471 1105 2555; x_wconf 76' lang='grc' dir='ltr'>ἐξεύρωμεν</span> <span class='ocrx_word' id='word_1_108' title='bbox 1125 2475 1226 2557; x_wconf 78' lang='grc' dir='ltr'>ὕμνον.</span> 
     </span>
     <span class='ocr_line' id='line_1_17' title="bbox 339 2575 1048 2664; baseline 0.001 -23"><span class='ocrx_word' id='word_1_109' title='bbox 339 2578 381 2662; x_wconf 72' lang='grc' dir='ltr'>τῷ</span> <span class='ocrx_word' id='word_1_110' title='bbox 400 2577 493 2641; x_wconf 90' lang='grc' dir='ltr'>πόλιν</span> <span class='ocrx_word' id='word_1_111' title='bbox 515 2576 616 2640; x_wconf 92' lang='grc' dir='ltr'>κείναν</span> <span class='ocrx_word' id='word_1_112' title='bbox 637 2575 790 2663; x_wconf 75' lang='grc' dir='ltr'>θεοδμάτῳ</span> <span class='ocrx_word' id='word_1_113' title='bbox 813 2575 871 2643; x_wconf 81' lang='grc' dir='ltr'>σὺν</span> <span class='ocrx_word' id='word_1_114' title='bbox 893 2579 1048 2664; x_wconf 70' lang='grc' dir='ltr'>ἐλευθερίη</span> 
     </span>
     <span class='ocr_line' id='line_1_18' title="bbox 337 2677 760 2761; baseline -0.002 -15"><span class='ocrx_word' id='word_1_115' title='bbox 337 2679 480 2746; x_wconf 75' lang='grc' dir='ltr'>Ὑλλίδος</span> <span class='ocrx_word' id='word_1_116' title='bbox 503 2677 637 2760; x_wconf 79' lang='grc' dir='ltr'>στάθμας</span> <span class='ocrx_word' id='word_1_117' title='bbox 658 2677 760 2761; x_wconf 79' lang='grc' dir='ltr'>Ἱέρων</span> 
     </span>
    </p>

    <p class='ocr_par' dir='ltr' id='par_1_7' title="bbox 337 2781 1106 3078">
     <span class='ocr_line' id='line_1_19' title="bbox 380 2781 1106 2866; baseline 0.001 -18"><span class='ocrx_word' id='word_1_118' title='bbox 380 2787 415 2851; x_wconf 86' lang='grc' dir='ltr'>έν</span> <span class='ocrx_word' id='word_1_119' title='bbox 436 2784 537 2865; x_wconf 91' lang='grc' dir='ltr'>νόμοις</span> <span class='ocrx_word' id='word_1_120' title='bbox 561 2781 686 2847; x_wconf 83' lang='grc' dir='ltr'>ἔκτισσ’.</span> <span class='ocrx_word' id='word_1_121' title='bbox 719 2781 853 2849; x_wconf 72' lang='grc' dir='ltr'>ἐθέλοντι</span> <span class='ocrx_word' id='word_1_122' title='bbox 876 2785 907 2849; x_wconf 80' lang='grc' dir='ltr'>δὲ</span> <span class='ocrx_word' id='word_1_123' title='bbox 931 2784 1106 2866; x_wconf 80' lang='grc' dir='ltr'>Παμφύλου</span> 
     </span>
     <span class='ocr_line' id='line_1_20' title="bbox 340 2884 841 2969; baseline -0.002 -16"><span class='ocrx_word' id='word_1_124' title='bbox 340 2890 389 2953; x_wconf 85' lang='grc' dir='ltr'>καὶ</span> <span class='ocrx_word' id='word_1_125' title='bbox 410 2891 470 2969; x_wconf 75' lang='grc' dir='ltr'>μάν</span> <span class='ocrx_word' id='word_1_126' title='bbox 491 2884 695 2969; x_wconf 78' lang='grc' dir='ltr'>Ἡρακλειδᾶν</span> <span class='ocrx_word' id='word_1_127' title='bbox 720 2887 841 2968; x_wconf 77' lang='grc' dir='ltr'>ἔκγονοι</span> 
     </span>
     <span class='ocr_line' id='line_1_21' title="bbox 337 2988 928 3078; baseline 0.002 -23"><span class='ocrx_word' id='word_1_128' title='bbox 337 2993 444 3078; x_wconf 89' lang='grc' dir='ltr'>ὄχθαις</span> <span class='ocrx_word' id='word_1_129' title='bbox 465 2992 523 3056; x_wconf 77' lang='grc' dir='ltr'>ὕπο</span> <span class='ocrx_word' id='word_1_130' title='bbox 545 2988 701 3072; x_wconf 78' lang='grc' dir='ltr'>Ταϋγέτου</span> <span class='ocrx_word' id='word_1_131' title='bbox 722 2991 859 3059; x_wconf 90' lang='grc' dir='ltr'>ναίοντες</span> <span class='ocrx_word' id='word_1_132' title='bbox 882 2993 928 3056; x_wconf 88' lang='grc' dir='ltr'>αί-</span> 
     </span>
    </p>

    <p class='ocr_par' dir='ltr' id='par_1_8' title="bbox 339 3092 929 3281">
     <span class='ocr_line' id='line_1_22' title="bbox 382 3092 929 3178; baseline -0.005 -17"><span class='ocrx_word' id='word_1_133' title='bbox 382 3092 409 3161; x_wconf 83' lang='grc' dir='ltr'>εῖ</span> <span class='ocrx_word' id='word_1_134' title='bbox 431 3092 532 3176; x_wconf 87' lang='grc' dir='ltr'>με’νειν</span> <span class='ocrx_word' id='word_1_135' title='bbox 553 3097 710 3174; x_wconf 83' lang='grc' dir='ltr'>τεθμοῖσιν</span> <span class='ocrx_word' id='word_1_136' title='bbox 732 3096 765 3159; x_wconf 91' lang='grc' dir='ltr'>έν</span> <span class='ocrx_word' id='word_1_137' title='bbox 788 3096 929 3178; x_wconf 85' lang='grc' dir='ltr'>Αίγιμιοῦ</span> 
     </span>
     <span class='ocr_line' id='line_1_23' title="bbox 339 3202 476 3281; baseline -0.007 -19"><span class='ocrx_word' id='word_1_138' title='bbox 339 3202 476 3281; x_wconf 86' lang='grc' dir='ltr'>Δωρίοις.</span> 
     </span>
    </p>
   </div>
   <div class='ocr_carea' id='block_1_6' title="bbox 203 3349 1359 4578">
    <p class='ocr_par' dir='ltr' id='par_1_9' title="bbox 203 3349 1359 4578">
     <span class='ocr_line' id='line_1_24' title="bbox 249 3349 1359 3445; baseline -0.002 -24"><span class='ocrx_word' id='word_1_139' title='bbox 249 3366 302 3421; x_wconf 82' lang='lat'>47.</span> <span class='ocrx_word' id='word_1_140' title='bbox 326 3352 436 3419; x_wconf 85' lang='lat' dir='ltr'><strong>Schol.</strong></span> <span class='ocrx_word' id='word_1_141' title='bbox 456 3349 554 3437; x_wconf 73' lang='grc' dir='ltr'>Ργίά.</span> <span class='ocrx_word' id='word_1_142' title='bbox 569 3349 591 3417; x_wconf 85' lang='lat' dir='ltr'>i.</span> <span class='ocrx_word' id='word_1_143' title='bbox 611 3352 690 3418; x_wconf 87' lang='lat'>118:</span> <span class='ocrx_word' id='word_1_144' title='bbox 721 3350 773 3439; x_wconf 73' lang='grc' dir='ltr'>Τῷ</span> <span class='ocrx_word' id='word_1_145' title='bbox 790 3354 882 3418; x_wconf 90' lang='grc' dir='ltr'>πόλιν</span> <span class='ocrx_word' id='word_1_146' title='bbox 900 3352 1017 3445; x_wconf 90' lang='grc' dir='ltr'>κείναν]</span> <span class='ocrx_word' id='word_1_147' title='bbox 1040 3352 1124 3442; x_wconf 78' lang='grc' dir='ltr'>ᾧτινι</span> <span class='ocrx_word' id='word_1_148' title='bbox 1141 3355 1327 3438; x_wconf 82' lang='grc' dir='ltr'>Δεινομένει,</span> <span class='ocrx_word' id='word_1_149' title='bbox 1342 3357 1359 3419; x_wconf 91' lang='grc' dir='ltr'>δ</span> 
     </span>
     <span class='ocr_line' id='line_1_25' title="bbox 204 3457 1359 3545; baseline 0 -18"><span class='ocrx_word' id='word_1_150' title='bbox 204 3459 305 3545; x_wconf 86' lang='grc' dir='ltr'>Ἱέρων</span> <span class='ocrx_word' id='word_1_151' title='bbox 319 3460 470 3539; x_wconf 86' lang='grc' dir='ltr'>δηλονότι,</span> <span class='ocrx_word' id='word_1_152' title='bbox 485 3458 541 3537; x_wconf 79' lang='grc' dir='ltr'>τὴν</span> <span class='ocrx_word' id='word_1_153' title='bbox 560 3457 674 3537; x_wconf 87' lang='grc' dir='ltr'>Αίτνην</span> <span class='ocrx_word' id='word_1_154' title='bbox 692 3458 794 3523; x_wconf 82' lang='grc' dir='ltr'>ἔκτισε</span> <span class='ocrx_word' id='word_1_155' title='bbox 810 3457 858 3522; x_wconf 83' lang='grc' dir='ltr'>καὶ</span> <span class='ocrx_word' id='word_1_156' title='bbox 872 3464 996 3526; x_wconf 84' lang='grc' dir='ltr'>διοικεῖν</span> <span class='ocrx_word' id='word_1_157' title='bbox 1011 3461 1103 3525; x_wconf 82' lang='grc' dir='ltr'>ἔδωκε</span> <span class='ocrx_word' id='word_1_158' title='bbox 1119 3460 1177 3526; x_wconf 83' lang='grc' dir='ltr'>σὺν</span> <span class='ocrx_word' id='word_1_159' title='bbox 1192 3461 1257 3545; x_wconf 75' lang='grc' dir='ltr'>θείη</span> <span class='ocrx_word' id='word_1_160' title='bbox 1272 3462 1359 3527; x_wconf 80' lang='grc' dir='ltr'>ἐλευ-</span> 
     </span>
     <span class='ocr_line' id='line_1_26' title="bbox 206 3562 1359 3651; baseline -0.002 -21"><span class='ocrx_word' id='word_1_161' title='bbox 206 3567 300 3651; x_wconf 74' lang='grc' dir='ltr'>θερίη,</span> <span class='ocrx_word' id='word_1_162' title='bbox 330 3565 379 3628; x_wconf 82' lang='grc' dir='ltr'>καὶ</span> <span class='ocrx_word' id='word_1_163' title='bbox 408 3566 470 3629; x_wconf 89' lang='grc' dir='ltr'>τοῖς</span> <span class='ocrx_word' id='word_1_164' title='bbox 498 3562 602 3642; x_wconf 91' lang='grc' dir='ltr'>νάμοις</span> <span class='ocrx_word' id='word_1_165' title='bbox 631 3564 684 3641; x_wconf 78' lang='grc' dir='ltr'>τῆς</span> <span class='ocrx_word' id='word_1_166' title='bbox 718 3563 837 3642; x_wconf 89' lang='grc' dir='ltr'>Δωρίου</span> <span class='ocrx_word' id='word_1_167' title='bbox 869 3563 1069 3642; x_wconf 78' lang='grc' dir='ltr'>δικαιοσύνης,</span> <span class='ocrx_word' id='word_1_168' title='bbox 1100 3563 1159 3628; x_wconf 88' lang='grc' dir='ltr'>άπδ</span> <span class='ocrx_word' id='word_1_169' title='bbox 1194 3568 1294 3628; x_wconf 83' lang='grc' dir='ltr'>κοινοῦ</span> <span class='ocrx_word' id='word_1_170' title='bbox 1324 3569 1359 3628; x_wconf 91' lang='grc' dir='ltr'>τδ</span> 
     </span>
     <span class='ocr_line' id='line_1_27' title="bbox 205 3662 1358 3750; baseline -0.003 -14"><span class='ocrx_word' id='word_1_171' title='bbox 205 3675 331 3736; x_wconf 86' lang='grc' dir='ltr'>διοικεῖν</span> <span class='ocrx_word' id='word_1_172' title='bbox 353 3668 472 3732; x_wconf 78' lang='grc' dir='ltr'>ἔδωκεν.</span> <span class='ocrx_word' id='word_1_173' title='bbox 519 3662 688 3750; x_wconf 65' lang='grc' dir='ltr'>δ’λλλως.</span> <span class='ocrx_word' id='word_1_174' title='bbox 716 3665 879 3732; x_wconf 75' lang='grc' dir='ltr'>ἀνακτίσας</span> <span class='ocrx_word' id='word_1_175' title='bbox 901 3666 957 3747; x_wconf 74' lang='grc' dir='ltr'>τὴν</span> <span class='ocrx_word' id='word_1_176' title='bbox 981 3665 1122 3746; x_wconf 83' lang='grc' dir='ltr'>Κατάνην</span> <span class='ocrx_word' id='word_1_177' title='bbox 1146 3668 1163 3730; x_wconf 91' lang='grc' dir='ltr'>ά</span> <span class='ocrx_word' id='word_1_178' title='bbox 1184 3663 1282 3750; x_wconf 88' lang='grc' dir='ltr'>Ἱέρων</span> <span class='ocrx_word' id='word_1_179' title='bbox 1308 3664 1358 3732; x_wconf 79' lang='grc' dir='ltr'>καὶ</span> 
     </span>
     <span class='ocr_line' id='line_1_28' title="bbox 205 3769 1357 3857; baseline -0.003 -18"><span class='ocrx_word' id='word_1_180' title='bbox 205 3776 316 3852; x_wconf 88' lang='grc' dir='ltr'>Αίτνην</span> <span class='ocrx_word' id='word_1_181' title='bbox 341 3770 548 3856; x_wconf 88' lang='grc' dir='ltr'>μετονομάσας</span> <span class='ocrx_word' id='word_1_182' title='bbox 576 3773 702 3834; x_wconf 88' lang='grc' dir='ltr'>διοικεῖν</span> <span class='ocrx_word' id='word_1_183' title='bbox 729 3769 905 3849; x_wconf 86' lang='grc' dir='ltr'>Δεινομένει</span> <span class='ocrx_word' id='word_1_184' title='bbox 934 3771 976 3857; x_wconf 69' lang='grc' dir='ltr'>τῷ</span> <span class='ocrx_word' id='word_1_185' title='bbox 1001 3771 1056 3855; x_wconf 71' lang='grc' dir='ltr'>υἱῷ</span> <span class='ocrx_word' id='word_1_186' title='bbox 1081 3771 1191 3850; x_wconf 77' lang='grc' dir='ltr'>ταύτην</span> <span class='ocrx_word' id='word_1_187' title='bbox 1220 3773 1357 3838; x_wconf 91' lang='grc' dir='ltr'>δέδωκεν.</span> 
     </span>
     <span class='ocr_line' id='line_1_29' title="bbox 206 3870 1359 3963; baseline 0.003 -24"><span class='ocrx_word' id='word_1_188' title='bbox 206 3875 369 3963; x_wconf 65' lang='grc' dir='ltr'>δἈλλως.</span> <span class='ocrx_word' id='word_1_189' title='bbox 390 3875 432 3959; x_wconf 72' lang='grc' dir='ltr'>τῷ</span> <span class='ocrx_word' id='word_1_190' title='bbox 456 3871 633 3952; x_wconf 81' lang='grc' dir='ltr'>Δεινομένει</span> <span class='ocrx_word' id='word_1_191' title='bbox 648 3870 748 3955; x_wconf 88' lang='grc' dir='ltr'>Ἱέρων</span> <span class='ocrx_word' id='word_1_192' title='bbox 764 3877 876 3938; x_wconf 86' lang='grc' dir='ltr'>Αίτναν</span> <span class='ocrx_word' id='word_1_193' title='bbox 898 3875 1109 3957; x_wconf 89' lang='grc' dir='ltr'>παραδέδωκεν</span> <span class='ocrx_word' id='word_1_194' title='bbox 1129 3878 1161 3939; x_wconf 83' lang='grc' dir='ltr'>ἐν</span> <span class='ocrx_word' id='word_1_195' title='bbox 1181 3876 1284 3955; x_wconf 85' lang='grc' dir='ltr'>νόμοις</span> <span class='ocrx_word' id='word_1_196' title='bbox 1305 3878 1359 3955; x_wconf 74' lang='grc' dir='ltr'>τῆς</span> 
     </span>
     <span class='ocr_line' id='line_1_30' title="bbox 206 3974 1358 4063; baseline -0.001 -18"><span class='ocrx_word' id='word_1_197' title='bbox 206 3981 341 4063; x_wconf 88' lang='grc' dir='ltr'>Δωρίδος</span> <span class='ocrx_word' id='word_1_198' title='bbox 355 3975 501 4056; x_wconf 88' lang='grc' dir='ltr'>στάθμης.</span> <span class='ocrx_word' id='word_1_199' title='bbox 539 3979 627 4039; x_wconf 79' lang='grc' dir='ltr'>τοῦτο</span> <span class='ocrx_word' id='word_1_200' title='bbox 641 3978 674 4039; x_wconf 77' lang='grc' dir='ltr'>δὲ</span> <span class='ocrx_word' id='word_1_201' title='bbox 688 3974 783 4058; x_wconf 81' lang='grc' dir='ltr'>λέγει,</span> <span class='ocrx_word' id='word_1_202' title='bbox 800 3974 865 4042; x_wconf 78' lang='grc' dir='ltr'>έπεδ</span> <span class='ocrx_word' id='word_1_203' title='bbox 881 3977 1051 4062; x_wconf 85' lang='grc' dir='ltr'>στρατηγὸν</span> <span class='ocrx_word' id='word_1_204' title='bbox 1065 3978 1156 4056; x_wconf 81' lang='grc' dir='ltr'>αι’πῆς</span> <span class='ocrx_word' id='word_1_205' title='bbox 1171 3977 1358 4058; x_wconf 88' lang='grc' dir='ltr'>κατέστησεν</span> 
     </span>
     <span class='ocr_line' id='line_1_31' title="bbox 204 4076 1357 4164; baseline 0.003 -17"><span class='ocrx_word' id='word_1_206' title='bbox 204 4084 304 4161; x_wconf 85' lang='grc' dir='ltr'>αιἰτόν,</span> <span class='ocrx_word' id='word_1_207' title='bbox 321 4081 495 4162; x_wconf 77' lang='grc' dir='ltr'>ἐλευθέρους</span> <span class='ocrx_word' id='word_1_208' title='bbox 517 4076 606 4160; x_wconf 81' lang='grc' dir='ltr'>ἀφεῖς</span> <span class='ocrx_word' id='word_1_209' title='bbox 625 4079 694 4145; x_wconf 80' lang='grc' dir='ltr'>τοὺς</span> <span class='ocrx_word' id='word_1_210' title='bbox 710 4081 867 4148; x_wconf 86' lang='grc' dir='ltr'>Αίτναίους</span> <span class='ocrx_word' id='word_1_211' title='bbox 888 4082 1014 4149; x_wconf 84' lang='grc' dir='ltr'>καὶτοῖς</span> <span class='ocrx_word' id='word_1_212' title='bbox 1034 4087 1220 4149; x_wconf 89' lang='grc' dir='ltr'>Λακωνικοῖς</span> <span class='ocrx_word' id='word_1_213' title='bbox 1234 4083 1357 4164; x_wconf 82' lang='grc' dir='ltr'>τρόποις</span> 
     </span>
     <span class='ocr_line' id='line_1_32' title="bbox 203 4179 1358 4268; baseline 0 -17"><span class='ocrx_word' id='word_1_214' title='bbox 203 4185 222 4265; x_wconf 80' lang='grc' dir='ltr'><strong><em>ἣ</em></strong></span> <span class='ocrx_word' id='word_1_215' title='bbox 245 4188 348 4266; x_wconf 89' lang='grc' dir='ltr'>νόμοις</span> <span class='ocrx_word' id='word_1_216' title='bbox 369 4181 549 4266; x_wconf 83' lang='grc' dir='ltr'>χρωμένους.</span> <span class='ocrx_word' id='word_1_217' title='bbox 608 4199 689 4247; x_wconf 84' lang='lat'>120:</span> <span class='ocrx_word' id='word_1_218' title='bbox 711 4179 750 4245; x_wconf 84' lang='lat'>‘0</span> <span class='ocrx_word' id='word_1_219' title='bbox 774 4182 827 4250; x_wconf 76' lang='grc' dir='ltr'>οὖν</span> <span class='ocrx_word' id='word_1_220' title='bbox 848 4184 950 4267; x_wconf 80' lang='grc' dir='ltr'>Ἱέρων</span> <span class='ocrx_word' id='word_1_221' title='bbox 972 4186 1109 4252; x_wconf 83' lang='grc' dir='ltr'>Γελάους</span> <span class='ocrx_word' id='word_1_222' title='bbox 1132 4185 1180 4248; x_wconf 84' lang='grc' dir='ltr'>καὶ</span> <span class='ocrx_word' id='word_1_223' title='bbox 1204 4188 1358 4268; x_wconf 87' lang='grc' dir='ltr'>Μεγαρεῖς</span> 
     </span>
     <span class='ocr_line' id='line_1_33' title="bbox 203 4286 1356 4377; baseline -0.003 -22"><span class='ocrx_word' id='word_1_224' title='bbox 203 4289 252 4355; x_wconf 84' lang='grc' dir='ltr'>καὶ</span> <span class='ocrx_word' id='word_1_225' title='bbox 275 4288 494 4370; x_wconf 88' lang='grc' dir='ltr'>Συρακουσίους</span> <span class='ocrx_word' id='word_1_226' title='bbox 517 4287 605 4354; x_wconf 89' lang='grc' dir='ltr'>ὄντας</span> <span class='ocrx_word' id='word_1_227' title='bbox 630 4291 693 4352; x_wconf 79' lang='grc' dir='ltr'>τῶν</span> <span class='ocrx_word' id='word_1_228' title='bbox 716 4286 858 4370; x_wconf 88' lang='grc' dir='ltr'>Δωριέων</span> <span class='ocrx_word' id='word_1_229' title='bbox 881 4290 1022 4356; x_wconf 82' lang='grc' dir='ltr'>ἀποίκους</span> <span class='ocrx_word' id='word_1_230' title='bbox 1045 4286 1172 4375; x_wconf 70' lang='grc' dir='ltr'>ἐνῴκισε</span> <span class='ocrx_word' id='word_1_231' title='bbox 1194 4289 1231 4376; x_wconf 72' lang='grc' dir='ltr'>τῇ</span> <span class='ocrx_word' id='word_1_232' title='bbox 1252 4290 1356 4377; x_wconf 76' lang='grc' dir='ltr'>Αἴτνη.</span> 
     </span>
     <span class='ocr_line' id='line_1_34' title="bbox 203 4389 1356 4476; baseline 0 -18"><span class='ocrx_word' id='word_1_233' title='bbox 203 4396 252 4458; x_wconf 86' lang='grc' dir='ltr'>καὶ</span> <span class='ocrx_word' id='word_1_234' title='bbox 267 4394 361 4459; x_wconf 83' lang='grc' dir='ltr'>οὕτως</span> <span class='ocrx_word' id='word_1_235' title='bbox 375 4389 413 4456; x_wconf 85' lang='grc' dir='ltr'>δν</span> <span class='ocrx_word' id='word_1_236' title='bbox 428 4392 446 4454; x_wconf 90' lang='grc' dir='ltr'>δ</span> <span class='ocrx_word' id='word_1_237' title='bbox 463 4391 557 4474; x_wconf 85' lang='grc' dir='ltr'>λόγος</span> <span class='ocrx_word' id='word_1_238' title='bbox 580 4390 752 4459; x_wconf 77' lang='grc' dir='ltr'>ἀκολούθως</span> <span class='ocrx_word' id='word_1_239' title='bbox 767 4391 842 4476; x_wconf 86' lang='grc' dir='ltr'>έχοι,</span> <span class='ocrx_word' id='word_1_240' title='bbox 858 4391 898 4460; x_wconf 76' lang='grc' dir='ltr'>ὥς</span> <span class='ocrx_word' id='word_1_241' title='bbox 914 4397 1084 4474; x_wconf 82' lang='grc' dir='ltr'>Δωριεῦσιν</span> <span class='ocrx_word' id='word_1_242' title='bbox 1099 4392 1187 4458; x_wconf 78' lang='grc' dir='ltr'>οὖσιν</span> <span class='ocrx_word' id='word_1_243' title='bbox 1203 4393 1356 4459; x_wconf 76' lang='grc' dir='ltr'>Αἰτναίαις</span> 
     </span>
     <span class='ocr_line' id='line_1_35' title="bbox 203 4493 914 4578; baseline -0.001 -16"><span class='ocrx_word' id='word_1_244' title='bbox 203 4495 252 4562; x_wconf 83' lang='grc' dir='ltr'>καὶ</span> <span class='ocrx_word' id='word_1_245' title='bbox 266 4494 455 4563; x_wconf 81' lang='grc' dir='ltr'>Λακωνικοὺς</span> <span class='ocrx_word' id='word_1_246' title='bbox 469 4495 578 4576; x_wconf 89' lang='grc' dir='ltr'>νόμους</span> <span class='ocrx_word' id='word_1_247' title='bbox 594 4493 703 4561; x_wconf 84' lang='grc' dir='ltr'>θέσθαι</span> <span class='ocrx_word' id='word_1_248' title='bbox 717 4501 770 4561; x_wconf 92' lang='grc' dir='ltr'>τδν</span> <span class='ocrx_word' id='word_1_249' title='bbox 783 4493 914 4578; x_wconf 87' lang='grc' dir='ltr'>Ἱέρωνα.</span> 
     </span>
    </p>
   </div>
   <div class='ocr_carea' id='block_1_7' title="bbox 0 0 1504 5046">
    <p class='ocr_par' dir='ltr' id='par_1_10' title="bbox 0 0 1504 5046">
     <span class='ocr_line' id='line_1_36' title="bbox 0 0 1504 5046; baseline 0 3"><span class='ocrx_word' id='word_1_250' title='bbox 0 0 1504 5046; x_wconf 95' lang='lat' dir='ltr'> </span> 
     </span>
    </p>
   </div>
  </div>
 </body>
</html>
