3000 5046
132 382 273 448 ιιι-ιιι]
543 371 876 432 BIOGRAPHICAL.

308 569 467 632 κάντεῦθεν
489 567 566 652 ἀρχὴ
589 573 642 631 τοῦ
664 567 799 648 πολέμου
821 564 987 649 κατερράγη

303 670 441 749 Ἕλλησι
463 675 560 735 πᾶσιν
582 672 615 734 ἐκ
637 678 727 753 τριῶν
748 676 960 752 λαικαστριῶν.

178 772 265 837 Plut.
280 773 357 840 Per.
376 792 425 852 ιη,
444 787 495 856 25.
540 772 602 839 See
620 774 727 839 above
743 783 811 838 141.

179 897 254 955 149.
277 884 367 950 Ιὺύά.
384 905 443 971 30:
468 891 620 969 Μεγαρεῖς
642 888 675 950 δὲ
698 887 752 952 τδν
770 886 1000 967 Ἀνθεμοκρίτου
1018 885 1116 967 φόνον
1138 884 1288 965 ἀπαρνού-

135 1016 220 1072 μενοι
246 989 301 1056 τὰς
323 991 421 1058 αίτίας
444 992 488 1057 είς
509 989 686 1056 Ἀσπασίαν
714 988 762 1054 καὶ
786 987 939 1072 Περικλέα
960 987 1115 1071 τρέπουσι,
1137 989 1288 1071 χρώμενοι

136 1097 198 1161 τοῖς
213 1092 407 1176 περιβοήτοις
423 1094 472 1158 καὶ
487 1093 638 1172 δημώδεσι
654 1094 769 1159 τούτοις
784 1094 817 1157 έκ
832 1100 892 1157 τῶν
903 1091 1076 1176 Ἀχαρνέων
1092 1091 1261 1175 στιχιδίοις·

354 1197 477 1277 Πόρνην
498 1199 532 1261 δὲ
555 1199 702 1278 Σιμαίθαν
722 1198 818 1264 ίόντες
842 1196 1005 1280 Μέγαράδε

255 1297 333 1387 (5²⁵)
355 1301 469 1365 νεανίαι
493 1300 656 1366 κλέπτουσι
678 1301 949 1382 μεθυσοκότταβοι·

354 1404 419 1467 κᾶθ’
442 1406 472 1469 οῖ
496 1410 647 1487 Μεγαρεῖς
669 1404 788 1471 ὀδύναις
810 1403 1075 1487 πεφυσιγγωμένοι

355 1506 582 1588 ἀντεξέκλεψαν
602 1507 776 1575 Ἀσπασίας
797 1508 909 1590 πόρνας
932 1508 992 1572 δύο.

183 1610 244 1676 See
260 1609 331 1676 eleo
347 1621 493 1675 143-145
509 1611 624 1678 above.

374 1843 376 1846 Α
426 1755 526 1822 Other
545 1755 704 1822 scandale
724 1755 826 1822 αδοιιί
847 1754 1004 1823 Ρσιῦίιίοε.

183 1867 270 1933 ΡῙυδ.
289 1867 363 1933 Per.
383 1888 432 1932 10.
478 1867 539 1935 See
554 1869 661 1934 above
677 1879 730 1934 02

182 1969 236 2035 Ιά.
255 1970 343 2036 eim.
364 1992 413 2052 14.
459 1972 519 2038 See
533 1972 638 2039 above
655 1984 709 2038 93.

182 2082 304 2149 Athen.
320 2084 394 2148 xiii.
411 2082 475 2169 589
486 2084 523 2148 E.
569 2083 630 2149 See
645 2084 752 2150 above
768 2094 841 2149 144.

183 2197 257 2252 150.
279 2186 367 2252 Plut.
378 2187 454 2254 Per.
468 2207 524 2272 13:
544 2189 603 2252 Καὶ
618 2194 705 2254 τοῦτο
720 2195 760 2273 τῷ
775 2191 830 2267 μὲν
846 2189 1026 2272 φθόνον,τῷ
1041 2189 1074 2253 δέ
1085 2188 1291 2270 βλασφημίαν

140 2290 275 2372 ἤνεγκεν,
291 2292 331 2358 ώς
351 2293 511 2375 ἐλευθέρας
534 2295 575 2378 τῷ
596 2296 743 2374 Περικλεῖ
763 2297 905 2376 γυναῖκας
924 2293 966 2359 είς
986 2291 1024 2356 τά
1045 2293 1117 2376 ἔργα
1135 2294 1293 2372 φοιτώσας

141 2395 364 2479 ὑποδεχομένου
389 2401 442 2459 τοῦ
468 2395 599 2461 Φειδίου.
645 2393 815 2476 Δεξάμενοι
845 2399 877 2461 δὲ
905 2394 958 2460 τὸν
987 2395 1083 2478 λόγον
1113 2396 1143 2460 οῖ
1169 2393 1292 2476 κωμικοὶ

141 2497 263 2576 πολλὴν
279 2498 444 2579 ἀσέλγειαν
459 2499 549 2563 αὑτοῦ
563 2498 797 2578 κατεσκέδασαν,
813 2502 856 2566 είς
871 2524 904 2564 τε
923 2499 979 2580 τὴν
991 2499 1154 2564 Μενίππου
1167 2503 1293 2580 γυναῖκα

142 2600 372 2681 διαβόλλοντες,
389 2603 496 2686 ἀνδρὸς
512 2604 607 2683 φίλου
628 2603 677 2668 καὶ
698 2604 1006 2686 ὑποστρατηγοῦντος,
1022 2605 1066 2669 είς
1081 2628 1114 2668 τε
1129 2605 1183 2669 τδς
1199 2605 1292 2682 Πυρι-

142 2703 279 2785 λάμπους
295 2707 536 2789 ὀρνιθοτροφίας,
550 2706 583 2773 δς
599 2710 715 2787 ἑταῖρος
730 2706 773 2772 ῶν
788 2707 972 2788 Περικλέους
985 2707 1082 2772 αἰτίαν
1098 2707 1163 2789 εἶχε
1178 2712 1293 2771 ταῶνας
1378 2772 1382 2777 ,

142 2808 264 2889 ὑφιέναι
290 2815 354 2877 ταῖς
380 2810 525 2895 γυναιξίν,
551 2813 598 2878 αῖς
622 2813 638 2874 δ
662 2814 813 2891 Περικλῆς
837 2811 1011 2891 ἐπλησίαζε.
1058 2808 1105 2874 καί
1129 2810 1160 2873 τί
1185 2809 1222 2872 ἀν
1248 2833 1294 2874 τις

143 2913 317 2995 ἀνθρώπους
333 2915 508 2995 σατυρικοὺς
528 2920 593 2982 τοῖς
610 2917 694 2997 βίοις
715 2915 764 2978 καὶ
784 2916 838 2981 τάς
857 2913 931 2978 κατὰ
946 2920 1007 2978 τῶν
1022 2913 1200 2995 κρειττόνων
1213 2918 1294 2992 βλα·

145 3018 281 3097 σφημίας
304 3019 407 3101 ῶσπερ
430 3019 550 3099 δαίμονι
572 3020 652 3102 κακηῖ
678 3019 719 3104 τῷ
742 3019 847 3104 φθόνῳ
869 3025 931 3083 τῶν
957 3024 1083 3082 πολλῶν
1107 3016 1294 3083 ἀποθύοντας

145 3118 290 3184 ἑκάστοτε
312 3122 501 3202 θαυμόσειεν,
517 3123 594 3187 όπου
618 3124 668 3187 καὶ
683 3123 912 3202 Στησίμβροτος
928 3122 947 3183 ό
966 3118 1085 3187 Θόσιος
1104 3119 1203 3185 δεινὸν
1223 3117 1294 3182 ἀσέ-

144 3229 230 3304 βημα
253 3222 301 3288 καί
322 3230 456 3304 μυθῶδες
478 3224 647 3309 ἐξενεγκεῖν
671 3225 839 3306 ἐτόλμησεν
862 3226 905 3292 είς
928 3224 983 3304 τὴν
1005 3229 1131 3306 γυναῖκα
1154 3226 1205 3288 τοῦ
1231 3225 1295 3287 υίοῦ

146 3326 220 3390 κατὰ
235 3333 289 3391 τοῦ
306 3327 513 3410 Περικλέους,·

555 3463 652 3530 τινα
674 3462 713 3549 of
730 3462 890 3548 Aspavia.

190 3585 256 3640 151.
280 3574 367 3640 Plut.
382 3574 460 3640 Per.
476 3595 538 3660 32:
562 3578 639 3658 Περὶ
659 3582 691 3641 δὲ
710 3580 816 3640 τοῦτον
838 3581 892 3641 τδν
912 3575 1024 3659 χρόνον
1037 3572 1194 3640 Ἀσπασία
1213 3573 1298 3653 δίκην

122 3731 124 3735 ,
147 3679 277 3762 ἔφευγεν
296 3681 452 3757 ἀσεβείας,
467 3679 636 3763 Ἑρμίππου
657 3684 710 3744 τοῦ
731 3683 943 3764 κωμῳδοποιοῦ
958 3679 1118 3745 διώκοντος
1137 3678 1186 3743 καὶ
1200 3702 1297 3761 προσ·
1420 3688 1423 3692 ’

147 3788 390 3868 κατηγοροῦντος,
400 3784 440 3851 ὦς
453 3789 598 3867 Περικλεῖ
611 3787 754 3867 γυναῖκας
769 3782 929 3864 ἐλευθέρας
945 3785 988 3849 είς
1003 3787 1038 3846 τδ
1054 3783 1125 3847 αὑτὸ
1141 3782 1298 3863 φοιτώσας

146 3888 334 3971 ὑποδέχοιτο.
380 3890 430 3953 καὶ
448 3886 597 3970 ψήφισμα
613 3887 777 3964 Διοπείθης
795 3887 931 3970 ἔγραφεν
949 3885 1207 3970 εἰσαγγέλλεσθαι
1228 3884 1298 3954 τοὺς

147 3994 185 4054 τδ
208 3997 274 4057 θεῖα
297 3994 337 4073 μὴ
362 3995 537 4077 νομίζοντας
558 3989 577 4070 ἢ
599 3992 710 4073 λόγους
731 3988 800 4071 περί
820 3996 880 4056 τῶν
901 3991 1070 4072 μεταρσίων
1091 3987 1299 4071 διδάσκοντας,

147 4096 377 4176 ἀπερειδόμενος
401 4099 443 4163 είς
468 4095 618 4176 Περικλέα
640 4095 677 4159 δι’
697 4091 903 4177 Ἀναξαγόρου
924 4093 981 4174 τὴν
999 4093 1152 4160 ὑπόνοιαν.
1197 4099 1299 4175 Δεχο·

148 4198 240 4277 μένου
255 4203 288 4263 δὲ
303 4206 355 4263 τοῦ
367 4198 460 4280 δήμου
473 4196 522 4263 καί
534 4197 731 4280 προσιεμένου
741 4198 795 4264 τάς
807 4197 966 4278 διαβολάς,
979 4199 1072 4265 οὑτως
1081 4195 1138 4278 ἤδη
1148 4195 1299 4279 ψήφισμα

151 4305 296 4382 κυροῦται,
313 4304 514 4384 Δρακοντίδου
532 4301 717 4384 γράψαντος,
732 4302 814 4368 ὅπως
829 4302 858 4366 σί
872 4302 962 4384 λόγοι
980 4307 1041 4365 τῶν
1060 4298 1221 4384 χρημάτων
1240 4301 1300 4364 ὑπὸ

151 4406 336 4484 Περικλέους
358 4408 401 4473 είς
421 4405 488 4472 τοὺς
503 4405 659 4488 πρυτάνεις
675 4406 859 4483 ἀποτεθεῖεν,
875 4407 904 4469 οί
919 4409 952 4470 δὲ
968 4405 1108 4469 δικασταί
1122 4403 1177 4483 τὴν
1190 4406 1300 4485 ψῆφον

152 4511 211 4577 ἀπὸ
226 4514 279 4575 τοῦ
293 4513 400 4593 βωμοῦ
415 4510 559 4593 φέροντες
576 4513 608 4578 έν
623 4511 658 4599 τῇ
674 4509 764 4574 πόλει
780 4510 917 4592 κρίνοιεν.
955 4505 1078 4592 Ἀγνων
1092 4510 1126 4576 δὲ
1141 4509 1228 4571 τοῦτο
1242 4506 1300 4587 μὲν
