3000 5046
189 318 247 399 ιο,
345 281 347 286 ’
534 320 622 379 THE
644 319 878 378 ATHENIAN
901 319 1007 380 οτττ.
1213 332 1274 397 [οι.
1286 334 1337 383 1v.

187 521 263 583 ετεῖς
278 515 494 597 ἐποιησάμεθα,
508 514 703 601 ἐχρησάμεθα
717 518 748 579 δέ
762 515 865 580 αὐτοῖς
882 515 932 593 ἔτη
948 517 1145 596 τριακαίδεκα.
1191 514 1284 604 (173)
1306 521 1339 582 ἐν

188 622 220 683 δὲ
244 619 337 704 τούτῳ
360 621 400 703 τῷ
419 619 518 704 χρόνιρ
543 620 735 703 ἐτειχίσαμεν
756 622 809 681 τὸν
832 622 962 700 Πειραιᾶ
982 615 1031 683 καὶ
1051 624 1084 682 τδ
1099 619 1224 701 βόρειον
1238 626 1340 705 τεῖχος

186 719 426 808 ᾠκοδομήσαμεν.

230 862 287 916 48.
309 850 468 937 Harpocr.
504 853 565 914 Διὰ
598 850 694 931 μέσου
731 856 848 934 τεῖχαςτ
886 849 1040 932 Ἀντιφῶν
1068 859 1142 933 πρὸς
1176 854 1338 919 Νικοκλέα.

188 960 279 1038 τριῶν
301 957 395 1020 ὄντων
417 960 527 1038 τειχῶν
549 957 581 1021 έν
603 953 640 1035 τῆ
660 956 791 1042 Ἀττικῇ,
808 956 847 1023 ῶς
871 953 920 1019 καὶ
940 953 1164 1039 Ἀριστοφάνης
1187 956 1283 1041 φησὶν
1307 961 1341 1023 έν

187 1059 371 1142 Τριφάλητι,
396 1064 448 1124 τοῦ
471 1083 503 1124 τε
527 1062 650 1143 βορείου
675 1058 724 1125 καὶ
746 1064 798 1122 τοῦ
820 1060 922 1124 νοτίου
945 1061 993 1124 καὶ
1016 1065 1069 1123 τοῦ
1091 1065 1275 1144 Φαληρικοΰ,
1290 1065 1340 1127 διὰ

187 1163 283 1244 μέσου
296 1168 357 1228 τῶν
372 1163 440 1246 παρ’
456 1163 581 1247 έκάτερα
596 1163 719 1249 έλέγετο
733 1170 768 1227 τὸ
780 1164 890 1243 νότιον,
903 1160 937 1228 οὗ
948 1165 1128 1245 μνημονεύει
1144 1168 1195 1232 καὶ
1207 1166 1341 1232 Πλάτων

189 1271 223 1333 έν
236 1269 353 1353 Γοργίᾳ.

232 1369 380 1436 Ατὶοίοό.
396 1393 428 1435 v.
444 1392 476 1450 4.
522 1371 582 1437 See
596 1371 703 1437 above
718 1382 748 1439 ’1.

231 1513 288 1567 40.
313 1499 401 1565 Plut.
420 1499 506 1565 Cim.
525 1521 585 1586 13:
608 1499 735 1584 Λέγεται
751 1504 784 1567 δέ
800 1503 849 1567 καὶ
864 1507 924 1566 τῶν
937 1510 1059 1582 μακρῶν
1074 1509 1195 1586 τειχῶν,
1210 1503 1230 1567 δ
1244 1502 1339 1581 σκέλη

190 1611 325 1682 καλοῦσι,
342 1607 580 1695 συντελεσθῆναι
601 1609 658 1686 μέν
679 1605 807 1687 ὕστερον
823 1605 879 1685 τὴν
901 1607 1082 1686 οἰκοδομίαν,
1098 1605 1153 1686 τὴν
1174 1608 1206 1671 δὲ
1222 1608 1343 1688 πρότην

190 1711 372 1789 θεμελίωσιν
387 1710 430 1777 είς
444 1708 554 1777 τόπους
570 1710 693 1775 έλιίδεκς
708 1710 758 1773 καὶ
773 1709 955 1791 διαβρόχους
970 1716 1031 1773 τῶν
1041 1709 1138 1791 ἔργων
1149 1711 1342 1789 ἐμπεσόντων

190 1814 360 1895 ἐρεισθῆναι
383 1815 433 1876 διὰ
460 1813 597 1892 Κίμωνος
619 1814 777 1892 ἀσφαλῶς,
793 1813 898 1895 χάλικι
921 1814 1022 1900 πολλῇ
1048 1811 1097 1878 καὶ
1116 1816 1215 1881 λίθοις
1229 1814 1343 1896 βαρέσι

190 1921 249 1983 τῶν
264 1919 343 1982 έλῶν
358 1914 553 1997 πιεσθέντων,
570 1917 684 1983 ἐκείνου
697 1917 836 2001 χρήματα
850 1917 1026 1999 πορίζοντος
1041 1918 1090 1982 καὶ
1105 1918 1247 1986 διδόντος.

499 2129 563 2196 Τίνα
584 2127 771 2219 Πίά-Ποίί
793 2135 826 2197 to
847 2129 1035 2197 Peiraieus.

576 2224 640 2333 Τίλθ
661 2271 709 2330 διδ
730 2272 816 2349 μέσον
838 2272 942 2347 τεῖχος.

235 2417 290 2472 50.
313 2405 396 2471 Pla&
422 2403 870 2491 Gor9.455D:ropr1A2.
894 2407 997 2472 Οἶσθα
1022 2411 1081 2493 γὰρ
1106 2407 1211 2488 δήπου,
1237 2410 1283 2472 θτι
1307 2412 1344 2472 τὰ

192 2512 298 2591 νεόρια
314 2516 406 2573 ταῦτα
421 2513 470 2574 καὶ
486 2509 523 2573 τὰ
538 2511 625 2592 τείχη
638 2513 675 2574 τδ
685 2510 856 2590 Ἀθηναίων
872 2509 921 2575 καὶ
932 2510 950 2590 ἡ
963 2519 1024 2578 τῶν
1035 2512 1165 2593 λιμένων
1177 2512 1344 2592 κατασκευὴ

192 2615 225 2678 έκ
240 2618 294 2693 τῆς
310 2613 557 2694 Θεμιστοκλέους
581 2618 759 2694 συμβουλῆς
781 2615 897 2697 γέγονε,
914 2613 950 2678 τδ
973 2612 998 2676 δ’
1020 2618 1053 2680 έκ
1077 2618 1128 2692 τῆς
1149 2615 1344 2697 Περικλέους,

192 2714 264 2780 ἀλλ’
294 2717 346 2781 οὐκ
376 2718 409 2781 έκ
439 2722 499 2783 τῶν
524 2722 720 2800 δημιουργῶν.
766 2721 995 2782 ΣΩΚΡΑΤΗΣ.
1031 2720 1160 2803 Λέγεται
1189 2726 1292 2798 ταῦτα,
1321 2716 1344 2783 ῶ

192 2822 312 2902 Γοργία,
336 2818 404 2903 περὶ
427 2820 682 2900 Θεμιστοκλέους·
710 2824 893 2903 Περικλέους
916 2824 949 2887 δέ
972 2824 1021 2887 καὶ
1044 2823 1133 2890 αὐτὸς
1156 2822 1272 2902 ἤκουον,
1295 2823 1346 2887 ότε

193 2924 415 3004 συνεβούλευεν
431 2923 502 3002 ἡμῖν
516 2921 585 3006 περὶ
604 2929 656 2988 τοῦ
670 2928 718 2989 διὸ
737 2925 831 3004 μέσον
852 2928 978 3010 τείχους.
1025 2924 1152 2991 Schol.:
1177 2926 1237 2990 Διὰ
1251 2926 1346 3007 μέσου

192 3031 293 3112 τεῖχος
306 3028 401 3109 λέγει,
417 3026 434 3091 δ
450 3024 500 3091 καὶ
514 3025 586 3109 άχρι
601 3032 655 3093 νῦν
670 3029 753 3095 ἐστὶν
767 3031 801 3095 έν
812 3028 952 3093 Ἑλλάδι.
998 3033 1031 3095 έν
1051 3031 1086 3118 τῇ
1112 3032 1269 3114 Μουνυχίᾳ
1289 3029 1346 3111 γὰρ

193 3131 320 3209 έποίησε
336 3127 386 3194 καὶ
401 3136 435 3194 τδ
450 3131 545 3210 μέσον
560 3138 669 3215 τεῖχος,
684 3138 719 3196 τδ
733 3134 789 3213 μέν
808 3133 932 3213 βάλλον
952 3135 1002 3197 έπὶ
1026 3141 1078 3197 τὸν
1102 3138 1242 3213 Πειραιᾶ,
1259 3139 1293 3197 τδ
1313 3137 1347 3197 δέ

194 3230 244 3298 έπὶ
256 3233 394 3313 Φόληρα,
410 3234 449 3298 ἵν’
465 3235 492 3299 εἶ
507 3240 542 3299 τδ
556 3235 591 3300 έν
607 3237 794 3324 καταβληθῇ,
811 3241 847 3301 τὸ
862 3236 944 3300 άλλο
958 3237 1116 3317 άτηρετοίη
1132 3236 1204 3320 δχρι
1220 3241 1346 3301 πολλοῦ.

238 3373 287 3427 51.
311 3361 397 3426 Plut.
422 3361 498 3429 Per.
526 3382 583 3448 13:
615 3369 660 3429 Τδ
687 3367 719 3428 δὲ
747 3371 862 3446 μακρὸν
891 3369 1000 3448 τεῖχος,
1025 3366 1094 3447 περὶ
1123 3365 1159 3429 οδ
1188 3364 1347 3448 Σωκράτης

195 3467 323 3530 ἀκοῦσαί
342 3474 439 3548 φησιν
462 3466 549 3533 αὐτὸς
569 3469 784 3549 εἰσηγουμένου
802 3468 923 3552 γνόμην
941 3468 1134 3550 Περικλέους,
1149 3467 1348 3551 ἠργολάβησε

195 3568 415 3652 Καλλικράτης.
467 3576 602 3656 κωμιρδεΐ
621 3573 655 3637 δέ
676 3577 710 3635 τδ
732 3571 822 3655 ἔργον
845 3576 990 3654 Κρατῖνος
1011 3568 1075 3660 (fr.
1093 3589 1156 3656 300
1173 3570 1214 3635 Κ.
1231 3570 1252 3635 i.
1273 3569 1348 3657 100)

196 3673 234 3739 ὣς
249 3671 383 3755 βραδέως
398 3674 621 3756 περαινόμενον·

824 3779 921 3845 πάλαι
943 3783 1001 3862 γὰρ
1023 3779 1105 3860 αὐτό,
1128 3781 1217 3862 φησί,

327 3879 449 3962 λόγοισι
472 3880 599 3963 προάγει
621 3882 797 3964 Περικλέης,
820 3883 936 3965 ἔργοισι
959 3880 985 3947 δ’
1008 3882 1076 3947 οθδέ
1098 3887 1182 3949 κινεῖ.

240 4016 294 4072 52.
317 4005 405 4072 Plut.
417 4007 457 4073 de
472 4007 560 4075 Olor.
573 4007 652 4075 Αίίι.
669 4007 688 4073 8
704 4007 792 4096 (Είίτ.
805 4024 865 4095 351
880 4007 942 4096 A):
975 4012 1080 4076 Καίτοι
1097 4009 1146 4076 καὶ
1160 4016 1266 4076 τοῦτον
1283 4009 1349 4096 (τὸν

197 4108 366 4196 Περικλέα)
389 4111 427 4178 ὡς
452 4112 587 4195 βραδέως
613 4114 743 4180 άνόοντα
768 4119 830 4182 τοῖς
856 4114 955 4198 ἔργοις
982 4116 1182 4182 ἐπισκώπτων
1205 4120 1349 4197 Κρατῖνος

197 4211 262 4300 (fr.
279 4231 343 4299 300
355 4211 425 4301 Κ.),
439 4217 515 4280 οθτω
531 4241 593 4284 πως
609 4216 694 4300 λέγει
710 4218 844 4302 περὶτοῦ
864 4217 913 4284 διὰ
931 4217 1028 4300 μέσον
1047 4221 1175 4305 τείχους·
1198 4226 1215 4255 “
1227 4219 1350 4302 λόγοισι

197 4314 256 4401 γάρ
271 4315 343 4381 αθτὸ
358 4317 484 4401 προάγει
500 4320 678 4403 Περικλέης,
693 4321 810 4404 έργοισι
826 4322 852 4387 δ’
868 4324 935 4388 οὐδὲ
952 4320 1055 4387 κινεῖ.”

244 4452 298 4513 δῶ.
318 4443 445 4513 Andoc.
468 4465 488 4535 3
511 4446 552 4513 de
576 4445 658 4514 Pcw.
683 4450 720 4513 6:
753 4449 847 4515 Οὗτοι
869 4449 941 4532 ἡμῖν
961 4450 1082 4532 είρήνην
1105 4452 1254 4533 έποίησαν
1277 4457 1350 4535 πρὸς
