3000 5046
142 358 292 425 mm]
394 350 487 408 HER
512 349 669 409 ALLJES
693 350 788 408 AND
814 349 1030 410 COLONIES.
1237 365 1294 428 137

504 696 576 754 'rho
597 696 720 755 Revolt
743 695 782 752 of
800 696 925 753 samon.

187 848 260 907 287.
283 840 422 907 Τιτυοὶ.
443 860 514 926 115.
532 856 635 924 2-117
646 868 657 921 3
680 842 722 908 cf.
737 840 760 909 i.
776 861 829 922 40.
846 855 886 923 53
909 862 962 922 41.
981 862 1009 910 2.

187 972 264 1027 238.
288 960 387 1028 Diod.
402 961 462 1028 xii.
480 978 539 1046 27:
572 962 641 1029 Ἐπ’
655 964 802 1048 ἀρχονπος
825 963 850 1029 δ’
866 961 1015 1044 Ἀθήνησι
1028 962 1164 1043 Τιμοκλέ
1233 1010 1240 1026 .
1258 1010 1264 1026 .
1283 1010 1291 1026 .

143 1065 253 1146 Σάμιοι
280 1068 336 1147 μέν
368 1067 441 1149 πρὸς
469 1068 640 1146 Μιλησίους
670 1067 737 1150 περὶ
769 1067 902 1149 Πριήνης
932 1068 1224 1150 ἀμφισβητήσαντες
1250 1070 1293 1135 είς

143 1170 280 1249 πόλεμον
295 1170 495 1250 κατέστησαν,
511 1173 636 1252 ὁρῶντες
651 1176 685 1237 δέ
700 1172 769 1240 τοὺς
782 1171 957 1250 Ἀθηναίους
969 1179 1035 1241 ταῖς
1047 1171 1174 1239 εὐνοίαις
1187 1173 1292 1254 διαφέ-

143 1298 251 1354 ροντας
279 1280 354 1355 πρὸς
384 1275 563 1354 Μιλησίους,
588 1275 765 1353 ἀπέστησαν
791 1276 842 1341 ἀπ’
871 1277 978 1341 αὐτῶν.
1023 1278 1053 1340 οί
1079 1279 1111 1341 δὲ
1139 1275 1294 1357 Περικλέα

143 1376 409 1460 προχειρισάμενοι
439 1384 608 1461 στρατηγὸν
633 1376 810 1462 ἐξέπεμψαν
841 1378 891 1445 ἐπὶ
920 1381 989 1446 τοὺς
1020 1380 1149 1460 Σαμίους
1184 1380 1295 1462 έχοντα

55 1465 59 1473 ’
144 1478 271 1562 τριήρεις
293 1481 518 1563 τετταράκοντα
563 1479 611 1570 (2)
634 1480 721 1549 οὗτος
736 1486 769 1548 δέ
783 1484 917 1549 πλεύσας
933 1485 987 1549 ἐπί
999 1509 1033 1549 τε
1048 1484 1103 1563 τῆν
1119 1482 1221 1563 Σάμον
1235 1482 1257 1522 '⁶
1272 1481 1295 1524 ἦ

143 1586 354 1666 παρεισελθὼν
383 1590 415 1652 δέ
445 1584 495 1652 καὶ
524 1590 578 1666 τῆς
607 1587 726 1653 πόλεως
756 1587 900 1671 ἐγκρατής
932 1590 1094 1670 γενόμενος
1124 1588 1295 1666 κατέστησε

144 1689 343 1770 δημοκρατίαν
362 1691 395 1754 ἐν
420 1689 502 1779 αὐτῇ.
546 1689 735 1773 πραξάμενος
751 1695 784 1756 δὲ
806 1695 886 1773 παρὰ
900 1697 960 1756 πάν
975 1694 1096 1770 Σαμίων
1111 1690 1296 1775 ἀγδοήκοντα

144 1791 286 1872 τάλαντα,
299 1797 348 1860 καὶ
363 1795 430 1861 τοὺς
447 1798 530 1861 ίσους
543 1794 670 1877 ὁμήρους
686 1800 794 1863 παῖδας
804 1798 923 1876 λαβοίν,
933 1796 1054 1862 τούτους
1069 1798 1126 1876 μέν
1140 1795 1296 1877 παρέδωκε

145 1902 206 1961 τοῖς
232 1899 384 1977 Λημνίαις,
408 1900 496 1967 αὐτὸς
523 1899 548 1964 δ’
575 1903 608 1964 ἐν
634 1899 751 1981 ὀλίγαις
777 1897 902 1981 ῆμέραις
929 1899 1046 1964 ἀπαντα
1074 1900 1295 1965 συντετελεκὼς

145 2002 315 2081 ἐπανῆλθεν
331 2005 374 2070 είς
389 2007 443 2071 τὰς
459 2001 597 2083 Ἀθήνας.
640 2000 688 2089 (3)
711 2005 743 2068 ἐν
759 2005 790 2068 δὲ
806 2004 842 2089 τῆ
859 2001 949 2088 Σάμῳ
967 2002 1104 2069 στάσεως
1119 2002 1294 2085 γενομένης,

145 2102 194 2168 καί
217 2110 277 2169 τῶν
300 2107 356 2188 μέν
380 2108 563 2188 αἱρουμένων
586 2106 640 2186 τῆν
657 2107 867 2188 δημοκρατίαν,
881 2113 942 2172 τῶν
966 2109 997 2172 δέ
1021 2106 1220 2188 βουλομένων
1241 2107 1295 2187 τῆν

145 2207 375 2292 ἀριστοκρατίαν
404 2211 491 2288 εἶναι,
521 2210 637 2295 παραχῆ
667 2212 769 2290 πολλῆ
799 2212 855 2291 τῆν
884 2211 980 2276 πάλιν
1009 2213 1122 2293 ἐπεῖχε.
1178 2216 1237 2276 τῶν
1269 2210 1295 2276 δ’

145 2308 379 2388 ἐναντιουμένων
402 2309 438 2396 τῇ
459 2310 641 2396 δημοκρατίᾳ
662 2310 834 2391 διαβάντων
856 2313 898 2376 είς
921 2309 976 2389 τὴν
995 2310 1103 2374 Ἀσίαν
1123 2311 1173 2374 καὶ
1187 2335 1296 2392 πορευ-

145 2411 258 2478 θέντων
282 2415 325 2478 είς
349 2413 474 2496 Σάρδεις
499 2420 575 2496 πρὸς
598 2415 797 2493 Πισσούθνην
822 2414 876 2479 τδυ
898 2420 958 2478 τῶν
984 2417 1114 2496 Περσῶν
1139 2413 1297 2495 σατράπην

145 2513 213 2596 περὶ
236 2518 423 2596 βοηθείας,ὁ
446 2521 503 2598 μὲν
524 2520 721 2599 Πισσούθνης
743 2519 854 2584 ἐδωκεν
876 2517 976 2584 αὐτοῖς
999 2519 1182 2600 στρατιύτας
1204 2521 1296 2583 ἑπτα·

146 2617 280 2694 κοσίους,
294 2618 424 2696 ἐλπίζων
438 2621 490 2697 τῆς
507 2618 610 2698 Σάμου
625 2623 674 2683 διὰ
692 2619 798 2682 τούτου
813 2619 987 2699 κυριεύσειν,
1002 2620 1032 2681 οἱ
1050 2622 1083 2682 δὲ
1099 2617 1207 2697 Σάμιοι
1221 2617 1298 2695 μετὰ
1397 2617 1401 2624 ’

145 2725 205 2783 τῶν
229 2719 374 2785 δοθέντων
398 2722 498 2788 αὐτοῖς
523 2728 713 2803 στρατιωτῶν
735 2721 837 2789 νυκτὸς
857 2723 1044 2790 πλεύσαντες
1065 2724 1108 2788 είς
1125 2721 1181 2801 τῆν
1195 2721 1298 2800 Σάμον

146 2822 258 2888 ἔλαθόν
283 2850 317 2889 τε
344 2824 408 2910 [τήν
433 2823 533 2910 πόλιν]
557 2826 818 2908 παρεισελθόντες,
832 2831 892 2891 τῶν
913 2832 1046 2891 πολιτῶν
1068 2826 1299 2908 συνεργούντων,

144 2928 253 3011 ρἠδίως
279 2928 305 2992 τ’
331 2929 500 3011 ἐκράτησαν
526 2933 578 3009 τῆς
606 2929 717 3008 Σάμου,
743 2927 792 2994 καί
816 2929 886 2997 τοὺς
918 2929 1169 3011 ἀντιπράττοντας
1198 2929 1298 2997 αὐτοῖς

146 3030 298 3112 ἐξέβαλον
313 3035 345 3097 ἐκ
361 3035 413 3112 τῆς
425 3036 554 3100 πόλεως·
576 3035 644 3101 τοὺς
656 3034 681 3098 δ’
697 3033 825 3114 ὁμήρους
839 3033 1044 3117 ἐκκλέψαντες
1059 3036 1092 3098 ἐκ
1108 3037 1160 3112 τῆς
1176 3031 1298 3115 Λήμνου

147 3135 247 3200 καὶτὰ
263 3137 337 3201 κατὰ
357 3137 413 3217 τῆν
436 3137 538 3218 Σάμον
557 3137 815 3220 ἀσφαλισάμενοι,
831 3144 968 3221 φανερῶς
991 3138 1112 3205 ἑαυτοὺς
1136 3136 1299 3217 ἀπέδειξαν

146 3241 310 3319 πολεμίους
333 3246 396 3309 τοῖς
420 3241 601 3321 Ἀθηναίοις.
647 3240 695 3328 (4)
719 3244 748 3306 οί
770 3239 803 3305 δὲ
824 3241 919 3306 πάλιν
935 3241 1087 3323 Περικλέα
1101 3240 1297 3325 προχειρισά-

145 3368 229 3421 μενοι
254 3346 422 3427 στρατηγδν
444 3344 621 3428 ἐξέπεμψαν
643 3347 694 3410 ἐπὶ
716 3346 785 3412 τοὺς
807 3347 939 3426 Σαμίους
960 3344 1036 3427 μετὰ
1051 3350 1127 3410 νεῶν
1143 3344 1297 3425 ἑξήκοντα.

145 3450 221 3525 μετὰ
236 3450 269 3512 δέ
284 3446 367 3512 ταῦθ’
382 3451 399 3512 δ
413 3447 469 3528 μὲν
485 3454 635 3532 Περικλῆς
651 3448 846 3534 ναυμαχήσας
861 3455 935 3531 πρὸς
946 3447 1154 3529 ἐβδομήκοντα
1168 3447 1298 3531 τριήρεις

147 3552 268 3631 ἐνίκησε
292 3552 361 3619 τοὺς
386 3554 526 3633 Σαμίους,
540 3552 813 3636 μεταπεμψάμενος
832 3553 866 3618 δέ
886 3556 967 3635 παρά
990 3554 1076 3617 Χίων
1096 3553 1145 3616 καὶ
1161 3556 1298 3631 Μυτιλη-

148 3657 239 3720 ναίων
265 3659 337 3723 ναθς
357 3656 454 3721 εἴκοσι
477 3656 566 3722 πέντε
586 3659 662 3737 μετά
677 3657 790 3722 τούτων
805 3657 1007 3736 ἐπολιόρκησε
1021 3657 1077 3737 τῆν
1093 3653 1205 3735 Σάμον.
1249 3652 1298 3743 (5)

146 3758 223 3840 μετὰ
246 3759 281 3825 δέ
303 3785 384 3826 τινας
408 3759 519 3843 ἡμέρας
541 3764 693 3843 Περικλῆς
711 3759 768 3841 μὲν
787 3762 961 3826 καταλιπὼν
975 3759 1065 3842 μέρος
1080 3763 1132 3839 τῆς
1147 3759 1298 3841 δυνάμεως

147 3860 196 3927 ἐπὶ
212 3866 264 3942 τῆς
279 3866 456 3945 πολιορκίας
472 3863 636 3944 ἀνέζευξεν,
652 3864 833 3944 ἀπαντήσων
852 3869 916 3931 ταῖς
932 3865 1116 3930 Φοινίσσαις
1131 3864 1247 3938 ναυσίν,
1262 3863 1298 3930 δς

148 3969 177 4031 οἱ
194 3967 313 4050 Πέρσαι
328 3972 391 4035 τοῖς
406 3970 531 4048 Σαμίοις
546 3968 625 4050 ήσαν
641 3970 877 4036 ἀπεσταλκότες.
922 3965 991 4055 (28)
1013 3969 1043 4031 οί
1067 3971 1100 4032 δέ
1123 3966 1233 4047 Σάμιοι
1247 3970 1298 4032 διδ

147 4072 203 4151 τῆν
217 4070 372 4151 ἀνάζευξιν
386 4076 439 4135 τοῦ
462 4071 647 4153 Περικλέους
667 4073 836 4154 νομίζοντες
852 4075 936 4157 ἔχειν
951 4077 1055 4155 καιρδν
1069 4070 1240 4151 ἐπιτήδειον
1254 4071 1298 4138 είς

147 4177 285 4241 ἐπίθεσιν
309 4181 375 4242 ταῖς
401 4175 672 4257 ἀπολελειμμένοις
687 4178 803 4255 ναυσίν,
826 4176 1019 4242 ἐπέπλευσαν
1049 4173 1096 4240 ἐπ’
1120 4174 1221 4254 αύτάς,
1248 4176 1299 4239 καὶ

148 4279 322 4360 νικήσαντες
339 4281 377 4366 τῇ
391 4283 541 4366 ναυμαχίη
555 4278 744 4364 φρονήματος
760 4283 953 4365 ἐπληροῦντο.
997 4278 1045 4368 (2)
1069 4282 1086 4344 ὁ
1101 4283 1134 4345 δέ
1147 4281 1299 4361 Περικλῆς

147 4385 277 4452 ἀκούσας
292 4384 347 4467 τῆν
361 4390 421 4449 τῶν
438 4386 521 4449 ἰδίων
534 4385 634 4466 ῆπταν,
648 4385 735 4452 εὐθὺς
749 4384 924 4468 ὑπέστρεψε
939 4384 989 4450 καί
1005 4384 1120 4449 στόλον
1135 4381 1298 4466 ἀξιόλογον

146 4489 282 4573 ἤθροισε,
296 4490 483 4573 βουλόμενος
499 4492 543 4559 είς
562 4489 651 4560 τέλος
672 4495 836 4573 συντρῖψαι
858 4488 911 4555 τὸν
927 4495 988 4555 τῶν
1009 4488 1151 4555 ἐναντίων
1173 4488 1296 4554 στάλαν.
