3000 5046
223 346 285 429 258
635 345 968 406 BlocRAPchAL.
1245 352 1377 418 [om

223 545 387 627 μωξόντων
401 547 433 609 δέ
444 544 650 624 Ἀθηναίων,δ
663 548 730 610 θεδς
746 544 812 609 εἶπε
823 543 964 626 μετάγειν
978 546 1016 608 τὰ
1031 543 1109 607 δστᾶ
1121 541 1376 622 Θεμιστοκλέους.

224 648 450 728 Μαγνήτωνδέ
472 649 513 727 μή
533 648 780 729 συγχωρούντων,
795 647 947 734 ᾐτήσαντο
970 645 1020 712 έπῖ
1042 643 1076 710 λ’
1089 645 1214 726 ἡμέραις
1237 645 1380 727 έναγίσαι

223 753 266 838 τῷ
291 751 380 838 τάφῳ
405 749 454 815 καὶ
477 751 758 833 περισκηνόσαντες
779 752 814 817 τδ
836 753 950 834 χωρίον
972 749 1070 836 λάθρη
1092 749 1267 827 κομίζουσιν
1289 750 1378 829 ἀναρ-

222 855 347 936 ύξαντες
362 859 399 922 τά
415 856 503 921 δσπᾶ.
530 855 692 936 Σύμμαχος
708 855 742 920 δέ
756 865 834 936 φησι
848 856 1018 937 ψεύδεσθαι
1034 853 1102 936 περὶ
1119 852 1376 934 Θεμιστοκλέους.

224 961 291 1025 οὔτε
307 963 364 1042 γὰρ
379 959 543 1043 Ἡρόδοτος
560 959 628 1024 οὔτε
644 962 831 1038 Θουκυδίδης
847 960 972 1041 ίστορεῖ.
1017 958 1085 1025 ἔστι
1105 962 1178 1042 γοῦν
1196 955 1257 1022 δπδ
1275 959 1377 1038 Σοφο·

224 1065 330 1131 κλέους
350 1061 480 1143 Ἑλένης

397 1169 464 1248 ἐμοὶ
485 1171 518 1231 δέ
540 1169 661 1252 λῷστον
682 1168 755 1249 αίμα
777 1167 914 1249 ταύρειον
936 1171 1026 1244 πιεῖν,

398 1268 447 1335 καὶ
467 1268 507 1351 μή
530 1296 559 1334 τι
581 1272 706 1337 πλείους
727 1269 814 1336 τῶνδ’
837 1271 922 1354 ἔχειν
943 1271 1124 1352 δυσφημίας.

222 1378 300 1441 τινές
331 1373 365 1438 δέ
394 1381 492 1454 φασιν
523 1375 569 1437 ότι
602 1377 762 1456 Σοφοκλῆς
793 1375 862 1457 περὶ
895 1372 1138 1455 Θεμιστοκλέους
1168 1375 1257 1439 τοῦτό
1287 1380 1375 1454 φησι.

221 1479 387 1561 ψεύδονται
401 1477 444 1559 δέ,
459 1479 494 1543 ού
508 1477 567 1560 γάρ
582 1480 648 1542 ἔστι
663 1475 816 1564 πιθανόν.)

265 1660 320 1714 45.
344 1647 434 1715 Plut.
449 1647 527 1734 Βεμ.
542 1655 571 1714 σί
585 1648 677 1734 Imp.
689 1648 856 1735 Apophth.
869 1648 960 1734 (ΕΜ.
977 1649 1038 1733 185
1050 1648 1091 1735 Ε)
1108 1653 1186 1731 Θεμ.
1206 1664 1266 1732 15:
1285 1647 1374 1715 Ἐπεὶ

222 1756 256 1818 δέ
274 1753 401 1833 ἐξέπεσε
420 1760 479 1818 τιῖν
493 1753 631 1832 Ἀθηνῶν
653 1754 689 1818 τὸ
711 1762 839 1837 πρῶτον,
858 1754 923 1819 εἶτα
942 1752 990 1819 καὶ
1012 1758 1065 1834 τῆς
1079 1751 1239 1833 Ἑλλάδος,
1256 1755 1374 1834 δνσβδς

221 1855 296 1937 πρὸς
327 1856 464 1936 βασιλέα
491 1904 500 1922 .
526 1906 535 1924 .
561 1905 569 1922 .
646 1855 716 1944 (16)
750 1856 884 1943 ᾐτήσατο
914 1860 947 1921 δέ
977 1854 1025 1921 καὶ
1054 1858 1178 1940 χρόνον,
1206 1858 1288 1923 ὅπως
1317 1859 1375 1938 τὴν

221 1960 377 2042 Περσικὴν
392 1960 549 2027 διάλεκτον
566 1963 742 2044 καταμαθὼν
753 1958 793 2027 δι’
803 1965 908 2026 ἑαυτοῦ
924 1957 971 2025 καῖ
985 1960 1026 2042 μή
1042 1959 1079 2025 δι’
1092 1960 1195 2043 έτέρου
1208 1958 1373 2040 ποιήσαιτο

220 2063 276 2143 τήν
290 2070 365 2147 πρὸς
380 2064 470 2131 αύπδν
484 2063 626 2143 ἔντευξιν.

263 2244 319 2300 46.
342 2233 464 2300 Athen.
479 2233 500 2299 i.
515 2252 554 2318 29
568 2235 595 2299 F
607 2232 699 2320 (54):
718 2234 790 2300 Ὅτι
802 2237 1016 2315 Θεμιστοκλῆς
1032 2234 1091 2298 ύπδ
1106 2237 1262 2316 βασιλέως
1274 2237 1372 2314 ἔλαβε

220 2337 334 2418 δωρεάν
357 2339 411 2417 τὴν
434 2339 605 2420 Λάμψακον
628 2342 671 2406 είς
695 2340 788 2415 οἶνον,
805 2340 990 2422 Μαγνησίαν
1009 2336 1035 2404 δ’
1051 2342 1095 2406 είς
1113 2339 1212 2420 άρτου,
1228 2343 1371 2404 Μυοῦντα

220 2441 247 2504 δ’
262 2443 304 2507 είς
327 2444 417 2524 όψον,
437 2443 599 2525 Περκόπην
622 2445 655 2506 δέ
677 2441 726 2507 καῖ
748 2444 804 2522 τήν
826 2445 1050 2524 Παλαίσκηψιν
1073 2444 1115 2508 είς
1138 2443 1297 2524 στρωμνὴν
1321 2441 1370 2508 καῖ

221 2545 393 2624 ἱματισμόν.
438 2545 580 2610 ἐκέλευσε
603 2547 635 2611 δὲ
656 2547 751 2631 τούτῳ
775 2547 890 2626 στολήν
909 2552 1016 2628 φορεῖν
1035 2546 1236 2627 βαρβαρικήν,
1259 2547 1299 2614 ὥς
1320 2546 1370 2612 καὶ

221 2648 398 2733 Δημαράτῳ,
410 2647 478 2715 δοὺς
492 2651 530 2713 τδ
545 2649 691 2729 πρότερον
708 2650 892 2733 ὑπάρχοντα,
906 2648 955 2714 καῖ
968 2649 1057 2734 (εἰς)
1068 2650 1185 2729 στολὴν
1196 2649 1369 2732 Γάμβρειον

218 2750 362 2833 προσθεὶς
377 2752 426 2832 ἔφ’
442 2749 500 2838 ψτε
514 2755 618 2833 μηκέτι
631 2750 815 2832 Ἑλληνικὸν
832 2753 949 2834 ἱμάτιον
965 2753 1177 2835 περιβάληται.

261 2941 315 2997 47.
339 2929 392 2999 Id.
409 2930 469 2995 xii.
484 2944 547 3018 533
560 2929 611 2996 D:
632 2935 754 3002 Πόσσις
777 2933 802 2999 δ’
827 2935 859 2999 ἔν
880 2935 969 3021 τρίτιρ
993 2939 1195 3018 Μαγνητικῶν
1215 2933 1265 3021 (1¹⁷.
1276 2935 1318 2999 II.
1331 2934 1368 3002 G.

216 3035 263 3105 iv.
275 3036 339 3122 483
345 3033 396 3120 fr.
409 3034 441 3123 1)
451 3042 504 3102 τδν
515 3039 728 3117 Θεμιστοκλέα
739 3037 834 3120 φησὶν
848 3041 880 3104 ἔν
893 3042 1057 3124 Μαγνησίᾳ
1068 3039 1122 3118 τὴν
1134 3040 1368 3121 στεφανηφόρον

217 3140 315 3226 ἀρχὴν
335 3141 531 3221 ἀναλαβόντα
554 3146 643 3207 θῦσαι
664 3141 780 3228 Ἀθηνᾷ
800 3143 849 3208 καὶ
871 3144 927 3224 τήν
950 3144 1055 3225 ἑορτήν
1080 3142 1276 3221 Παναθήναια
1300 3146 1367 3209 δνο·

216 3245 324 3326 μάσαι,
337 3241 385 3309 καὶ
396 3245 537 3333 Διονύσῳ
546 3247 688 3335 Χοοπότῃ
706 3248 894 3313 θυσιάσαντα
910 3246 958 3313 καὶ
974 3249 1028 3329 τήν
1039 3253 1130 3315 Χοῶν
1141 3249 1249 3330 ἑορτὴν
1263 3250 1368 3316 αύτόθι

218 3347 397 3429 καταδεῖξαι.

260 3532 316 3587 48.
338 3520 497 3586 Libanius
514 3544 571 3588 xv.
592 3522 735 3609 (Βοῖοῐιο,
755 3523 778 3593 i.
799 3546 832 3611 p.
848 3520 944 3610 464):
967 3525 1065 3589 Εἶπον
1091 3525 1129 3588 ἄν
1159 3549 1210 3588 σοι
1237 3522 1364 3607 Ξέρξην,

216 3624 334 3708 όφέντα
358 3627 414 3707 μέν
439 3626 507 3694 τοὺς
535 3628 741 3695 κατασκόπους
766 3628 835 3696 τοὺς
860 3627 926 3694 ἀντὶ
950 3636 1010 3694 τῶν
1035 3627 1177 3709 κηρύκων,
1205 3629 1307 3693 ἰδόντα
1333 3631 1366 3693 δὲ

218 3730 429 3810 Θεμιστοκλέα
459 3735 513 3796 τδν
543 3731 687 3815 ἔχθιστον
718 3733 757 3798 ὡς
787 3733 891 3813 φίλον,
920 3731 969 3796 καὶ
999 3733 1041 3818 τῷ
1070 3732 1111 3813 μή
1141 3739 1253 3812 λαβεῖν
1280 3734 1365 3823 δίκην

216 3833 388 3915 προσθέντα
410 3839 444 3898 τδ
467 3831 516 3898 καῖ
538 3839 641 3899 δοῦναι
664 3835 787 3918 δωρεάς,
801 3837 982 3919 Λάμψακον,
1000 3841 1151 3913 Μυοῦντα,
1169 3838 1364 3918 Μαγνησίαν,

217 3937 345 4020 Μέγαρα
367 3937 420 4003 τας
445 3944 548 4018 πρεσβ
565 3984 671 4003 .....
699 3940 816 4005 έκείνας
841 3942 1009 4023 ναυμαχίας
1028 3990 1037 4005 .
1054 3987 1061 4003 .
1078 3987 1110 4003 ..
1135 3936 1184 4003 καὶ
1210 3945 1302 4005 ταῦτα
1328 3940 1366 4020 ήν

214 4039 458 4122 μεγαλοψυχίας,
470 4037 536 4121 έμοῖ
552 4044 659 4116 δοκεῖν,
677 4042 728 4105 οὐκ
744 4044 876 4108 ἐλπίδων
891 4047 1010 4121 μισθός,
1024 4043 1060 4110 δς
1076 4044 1233 4107 ὑπετίθετο
1249 4045 1364 4108 δουλό·

215 4167 283 4207 σειν
305 4139 383 4227 aba?
404 4142 474 4210 τοὺς
491 4141 647 4221 Ἕλληνας
663 4193 671 4209 .
688 4191 696 4208 ·
711 4194 719 4208 ·
736 4192 743 4208 ·
760 4146 846 4210 εἶπον
869 4146 906 4211 άν
928 4171 981 4210 σοι
1002 4149 1078 4227 μετὰ
1103 4145 1219 4227 Ξέρξου
1242 4145 1290 4211 καὶ
1312 4148 1365 4212 τὸν

215 4249 376 4310 Μολοττδν
389 4244 550 4327 Ἀδμητον,
566 4246 599 4314 δς
621 4247 731 4327 ἥδιστα
753 4249 805 4313 τὸν
827 4250 916 4314 αὐτὸν
938 4255 1044 4315 τοῦτον
1066 4249 1224 4332 άνθρωπον
1246 4252 1364 4331 λαβών,

214 4350 295 4415 ὥστε
315 4350 497 4430 δποκτεῖνοι,
515 4352 624 4432 λαβὼν
647 4349 696 4416 καὶ
720 4354 811 4436 ἔχων,
832 4352 899 4419 ούτε
923 4358 985 4420 τοῖς
1005 4352 1176 4433 έξαιτοῦσιν
1198 4355 1297 4435 ἔδωκε,
1314 4353 1363 4423 καὶ

213 4452 295 4521 ὅπως
310 4453 385 4543 ἔλθη
400 4454 475 4541 πρὸς
490 4453 540 4523 οδς
555 4455 710 4537 ἐβούλετο,
728 4456 847 4540 ἔπραξε.
