3000 5046
114 358 121 375 ·
177 365 290 430 ωιτη
580 356 915 417 ΒιοακΑΡΗισΑι.
1268 357 1329 436 263

176 551 356 638 reliquerit.
401 550 451 640 (3)
464 575 530 639 quo
546 553 671 618 faulum
692 559 743 619 est
763 558 801 619 ut
815 552 906 618 filiae
926 552 997 618 eius
1015 553 1148 638 publice
1162 553 1330 620 alerentur

176 662 211 719 et
226 656 268 720 de
282 656 451 721 communi
467 656 593 722 aerario
609 657 744 722 dotibus
759 657 848 721 datis
863 655 1114 722 collocarentur.

219 796 275 850 68.
300 784 403 865 Plato,
421 784 517 870 θυεμ.
534 787 597 869 526
614 784 663 849 B:
687 788 740 852 Είς
759 786 792 851 δὲ
814 782 861 849 καὶ
877 786 955 850 πάνυ
970 786 1134 869 ἐλλόγιμος
1154 785 1260 872 γέγονε
1280 785 1328 853 καὶ

175 890 218 955 είς
232 890 301 955 τοὺς
317 889 430 957 ἄλλους
441 889 607 968 Ἕλληνας,
621 889 808 970 Ἀριστείδης
824 891 841 952 ὁ
856 891 1043 972 Λυσιμάχου.

218 1031 274 1084 69.
297 1017 351 1083 Id.
367 1018 469 1083 Meno
483 1017 590 1099 94A:
614 1022 847 1081 ΣΩΚΡΑΤΗΣ.
871 1017 991 1083 Ἀλλον
1014 1021 1048 1083 δὲ
1070 1019 1106 1099 δὴ
1130 1021 1325 1103 σκεψώμεθα,

173 1122 362 1202 Ἀριστείδην
373 1123 424 1188 τὸν
434 1123 622 1206 Λυσιμάχου·
643 1119 661 1202 ἢ
675 1126 777 1186 τοῦτον
788 1123 843 1206 οὐχ
854 1123 1013 1204 ὁμολογεῖς
1023 1124 1137 1205 ἀγαθὸν
1148 1125 1325 1208 γεγονέναι,·

173 1230 351 1291 ΑΝΎὝΟΣ.
370 1225 500 1310 Ἔγωγε,
518 1227 638 1293 πάντως
653 1226 756 1303 δήπου.
802 1231 867 1292 ΣΩ.
890 1228 1007 1292 Οὐκοῦν
1024 1225 1072 1291 καὶ
1087 1228 1173 1294 οὗτος
1189 1227 1242 1293 τδν
1259 1231 1326 1294 υίδν

173 1335 225 1394 τδν
237 1332 327 1395 αὑτοῦ
338 1332 525 1415 Λυσίμαχον,
536 1331 595 1393 ὅσα
604 1333 659 1410 μὲν
671 1330 863 1394 διδασκάλων
875 1333 985 1414 εἴχετο,
996 1330 1147 1395 κάλλιστα
1155 1331 1324 1412 ’Λθηναίων

173 1435 359 1510 ἐπαίδευσεν,
375 1436 469 1517 άνδρα
489 1436 522 1500 δὲ
541 1435 657 1515 βελτίω
676 1437 758 1498 δοκεῖ
776 1460 825 1498 σοι
845 1434 969 1499 ὁτουοῦν
988 1434 1184 1514 πεποιηκέναι
1195 1461 1207 1512 ,·
1229 1437 1324 1523 τούτῳ

171 1538 230 1620 γάρ
246 1564 303 1602 που
319 1538 367 1603 καὶ
384 1537 571 1623 συγγέγονας
590 1536 637 1604 καὶ
653 1538 724 1622 δρᾷς
739 1538 803 1605 οἶός
818 1540 912 1602 έστιν.

215 1686 270 1742 70.
295 1676 376 1741 Hdl.
392 1675 462 1743 viii.
481 1691 532 1760 79.

587 1865 655 1931 Hie
677 1863 902 1932 άωοαυάαυίε.

214 2015 261 2071 71.
284 2003 455 2071 Demosth.
476 2023 517 2069 20
537 2002 580 2068 ν’νι
597 2002 687 2089 Lepl.
707 2016 788 2084 115:
811 2004 880 2068 Τίνι
903 2004 1058 2087 χράμενος
1084 2006 1230 2090 τεκμηρίῳ
1240 2030 1252 2081 ,·
1275 2007 1323 2071 ὅτι

173 2109 338 2195 Λυσιμάχῳ
365 2109 488 2189 δωρεάν,
513 2106 558 2173 ἑνί
584 2114 644 2173 τῶν
667 2110 735 2173 τότε
758 2109 924 2190 χρησίμων,
948 2107 1057 2173 ἑκατὸν
1074 2111 1130 2189 μὲν
1151 2110 1184 2173 έν
1203 2111 1321 2194 Εὐβοία

169 2213 286 2295 πλέθρα
304 2217 359 2296 γῆς
378 2214 603 2295 πεφυτευμένης
625 2214 746 2289 ἔδοσαν,
766 2215 872 2276 ἑκατὸν
894 2215 929 2277 δὲ
947 2213 1053 2294 ψιλῆς,
1070 2212 1115 2275 ἔτι
1137 2212 1163 2277 δ’
1181 2213 1322 2296 ἀργυρίου

169 2321 246 2396 μνᾶς
258 2321 373 2393 ἑκατόν,
390 2313 438 2380 καὶ
453 2316 594 2399 τέτταρας
609 2320 663 2397 τῆς
676 2316 788 2398 ἡμέρας
803 2315 948 2400 δραχμάς.
979 2312 1028 2379 καὶ
1043 2314 1156 2380 τοίπων
1171 2315 1321 2400 ψήφισμα

170 2422 255 2485 ἔστιν
269 2420 478 2502 Ἀλκιβιάδου,
495 2422 527 2485 έν
540 2417 565 2508 ᾧ
577 2426 671 2485 ταῦτα
686 2419 863 2503 γέγραπται.

673 2708 810 2764 Kimon.

203 2856 271 2922 Hie
293 2857 485 2942 αρροοίίίοιι
507 2861 539 2922 to
560 2854 760 2922 demoratio
782 2853 931 2940 οΙιανιροο,
953 2855 1027 2921 aud
1050 2852 1272 2922 θαιυθαίιπιαιιί.

210 2994 271 3061 See
286 3005 328 3060 V.
346 3004 436 3060 8211:
541 3003 545 3009 ’

511 3144 687 3212 Βαίαίθανια
708 3145 790 3212 ‘tuith
811 3143 968 3212 Perillae.

209 3292 270 3358 See
288 3292 395 3357 below
412 3303 451 3356 91
465 3301 499 3356 ff.

293 3503 502 3590 Ραριιίοιθίγ
523 3503 597 3569 aud
619 3502 781 3570 Political
802 3503 959 3571 Poeite‘oe
982 3506 1022 3592 os
1038 3505 1179 3571 Κίιυονι.

206 3661 258 3717 72.
281 3651 370 3715 Plut.
380 3650 467 3714 Cim.
481 3669 539 3713 10:
559 3649 640 3730 Ἤδη
657 3647 683 3716 δ’
695 3650 829 3733 εὐπορῶν
842 3653 858 3715 ὅ
871 3651 974 3733 Κίμων
989 3653 1099 3733 ἐφόδια
1113 3654 1167 3730 τῆς
1183 3677 1314 3732 στρατη-

163 3759 230 3837 γίας
245 3758 264 3822 δ
280 3763 375 3822 καλῶς
392 3758 452 3820 άπδ
464 3764 525 3822 τῶν
537 3759 690 3837 πολεμίων
702 3756 805 3836 ἔδοξεν
816 3756 997 3839 ὠφελῆσθαι
1008 3757 1136 3823 κάλλιον
1148 3755 1312 3838 ἀνήλισκεν

162 3864 205 3927 εἰς
221 3861 289 3929 τοὺς
304 3862 442 3926 πολίτας.
477 3868 537 3926 τῶν
552 3886 585 3925 τε
600 3859 658 3942 γὰρ
673 3860 773 3944 άγρῶν
788 3861 857 3928 τοὺς
872 3860 1028 3943 φραγμοὺς
1043 3862 1181 3943 ἀφεῖλεν,
1197 3864 1247 3927 ἵνα
1262 3865 1312 3928 καὶ

161 3969 224 4031 τοῖς
240 3964 338 4044 ξένοις
354 3964 401 4028 καὶ
416 3970 476 4029 τῶν
491 3971 626 4030 πολιτῶν
640 3968 704 4030 τοῖς
722 3964 875 4046 δεομένοις
891 3967 985 4031 άδεῶς
1003 3965 1123 4052 ὑπάρχῃ
1139 3964 1313 4046 λαμβάνειν

160 4071 213 4145 τῆς
229 4069 355 4149 ὀπώρας,
371 4070 419 4133 καὶ
435 4073 556 4134 δεῖπνον
569 4070 645 4133 οίκοι
656 4068 727 4149 παρ’
739 4069 817 4155 αὐτῷ
831 4068 917 4134 λιτὸν
927 4070 990 4150 μέν,
1003 4071 1113 4151 άρκοῢν
1127 4073 1159 4135 δὲ
1173 4075 1310 4148 πολλοῖς,

161 4172 292 4237 ἐποιεῖτο
315 4173 380 4236 καθ’
394 4172 518 4254 ἡμέραν,
541 4173 590 4254 ἐφ’
611 4172 628 4237 δ
650 4179 710 4238 τῶν
731 4172 868 4252 πενήτων
891 4174 907 4237 δ
929 4175 1118 4254 βουλόμενος
1141 4173 1239 4261 είσηὶει
1260 4173 1310 4239 καὶ

160 4275 326 4356 διατροφὴν
348 4276 431 4360 εἶχεν
452 4278 638 4358 ἀπράγμονα,
661 4278 765 4358 μόνοις
786 4282 850 4343 τοῖς
871 4278 1028 4357 δημοσίοις
1051 4276 1222 4361 σχολάζων.
1268 4277 1308 4345 ὥς

159 4375 186 4442 δ’
200 4376 417 4459 Ἀριστοτέλης
438 4380 544 4460 φησίν,
566 4380 622 4464 οὐχ
642 4379 783 4445 ἁπάντων
796 4379 976 4460 Ἀθηναίων,
995 4382 1075 4444 ἆλλδ
1092 4386 1153 4446 πῶν
1174 4385 1311 4464 δημοτῶν
1354 4393 1359 4399 “

159 4481 247 4547 αὐτοῦ
263 4488 421 4548 Λακιαδῶν
439 4481 678 4567 παρεσκευάζετο
694 4483 736 4571 τῷ
748 4483 929 4569 βουλομένῳ
949 4484 984 4548 τὸ
1003 4488 1133 4550 δεῖπνον.
1177 4482 1257 4570 αὐτῷ
1275 4485 1309 4552 δέ
