3000 5046
225 381 286 443 314
542 364 628 424 THE
656 363 867 424 WESTERN
891 364 1070 423 GREEKS.
1214 372 1277 437 [Oh.
1289 374 1380 421 vm.

226 561 280 625 τὰς
303 559 439 625 εἰωθυίας
462 559 597 626 δαπάνας
620 562 662 627 είς
684 559 754 626 τοὺς
771 565 973 625 τελευτῶντας
990 559 1128 642 γίνεσθαι
1146 557 1379 643 περιῃρηκάτων,

227 660 475 744 ἐγγεγραμμένων
494 666 528 727 δέ
549 664 582 729 ἐν
601 663 643 749 τῷ
664 664 744 747 νόμιρ
767 662 816 726 καὶ
837 671 897 728 τῶν
918 666 1075 729 παντελῶς
1094 663 1248 742 ἐνταφίων
1265 659 1380 739 ῆμελη·

224 765 328 844 κότων,
351 766 367 827 ά
389 767 541 845 βασιλεὺς
563 769 665 833 Γέλων
688 767 877 847 βουλόμενος
902 766 956 843 τῆν
982 769 1035 829 τοῦ
1059 763 1153 843 δήμου
1177 765 1315 843 σπουδήν
1341 764 1377 826 ἐν

228 869 325 933 άπασι
347 869 573 950 διαφυλάττειν,
592 871 644 935 τὸυ
662 872 731 951 περὶ
753 874 806 950 τῆς
828 872 927 952 ταφῆς
945 870 1038 947 νόμον
1057 867 1108 950 ἐφ’
1124 872 1231 933 ἑαυτοῦ
1248 867 1380 948 βέβαιον

228 971 382 1055 ἐτήρησεν
420 971 468 1060 (3)
482 974 540 1038 ὑπὸ
555 979 613 1057 γάρ
629 975 795 1056 ἀρρωστίας
809 974 1011 1056 συνεχόμενος
1024 970 1073 1036 καὶ
1084 978 1119 1036 τὸ
1131 972 1184 1051 ζῆν
1194 973 1381 1049 ἀπελπίσας,

227 1075 282 1154 τῆν
296 1078 350 1159 μέν
365 1077 531 1156 βασιλείαν
548 1079 720 1162 παρέδωκεν
734 1076 847 1160 Ἱέρωνι
866 1077 907 1163 τῷ
923 1075 1123 1161 πρεσβυτάτω
1146 1080 1206 1139 τῶν
1224 1076 1379 1154 ἀδελφῶν,

227 1175 295 1261 περὶ
311 1183 343 1244 δέ
359 1182 412 1257 τῆς
428 1184 532 1245 ἐαυτοῦ
543 1184 642 1263 ταφῆς
654 1182 823 1247 ἐνετείλατο
834 1181 1090 1257 διαστελλόμενος
1106 1181 1239 1260 ἀκριβῶς
1251 1177 1379 1256 τηρῆσαι

228 1289 263 1346 τὸ
288 1284 423 1362 νόμιμον.
468 1285 515 1349 διὸ
542 1284 591 1350 καὶ
618 1284 853 1366 τελευτήσαντος
877 1285 967 1349 αύτοΰ
992 1284 1048 1363 τήν
1071 1285 1202 1365 ἐκφοράν
1227 1280 1302 1345 κατὰ
1324 1280 1381 1358 τὴν

229 1387 414 1470 ἐπαγγελίαν
436 1389 527 1454 αὐτοῦ
550 1389 747 1456 συνετέλεσεν
767 1391 784 1453 ά
802 1387 1015 1469 διαδεξάμενος
1034 1387 1091 1467 τῆν
1112 1385 1288 1466 βασιλείαν.
1332 1380 1382 1470 (4)

229 1488 328 1572 ἐτάφη
344 1489 369 1556 δ’
385 1493 523 1558 αὐτοῦτὸ
540 1500 627 1574 σῶμα
643 1493 718 1558 κατά
733 1499 786 1558 τδν
801 1495 893 1575 ἀγρὸν
908 1496 961 1572 τῆς
976 1491 1116 1574 γυναικὸς
1135 1491 1168 1554 ἐν
1188 1495 1254 1555 ταῖς
1272 1494 1381 1552 καλου·

229 1595 333 1675 μέναις
354 1594 463 1662 Ἐννέα
488 1598 640 1678 τύρσεσιν,
668 1599 774 1666 οὔσαις
798 1595 839 1683 τῆ
860 1595 951 1677 βάρει
973 1601 1033 1660 τῶν
1059 1595 1155 1677 ἔργων
1184 1596 1381 1672 θαυμασταῖς.

230 1699 247 1761 ά
270 1701 303 1762 δέ
329 1699 423 1780 ὄχλος
449 1702 481 1764 ἐκ
508 1706 560 1781 τῆς
587 1703 706 1770 πόλεως
732 1703 809 1767 άπαςΙ
837 1700 1110 1780 συνηκολούθησεν,
1137 1696 1303 1781 ἀπέχοντος
1328 1701 1382 1758 τοῦ

230 1802 324 1866 τόπον
346 1805 486 1872 σταδίους
509 1807 692 1874 διακοσίους.
737 1803 785 1892 (5)
808 1806 934 1869 ἐνταῦθα
953 1803 979 1868 δ’
1002 1802 1092 1867 αὐτοῦ
1111 1799 1302 1882 ταφέντος,ά
1325 1801 1383 1878 μέν

231 1908 325 1984 δῆμος
353 1906 452 1987 τάφον
480 1902 643 1993 ἀξιόλογον
674 1907 842 1988 ἐπιστήσας
871 1907 1012 1988 ἡρωικαῖς
1043 1909 1141 1987 τιμαῖς
1174 1905 1299 1985 ἐτίμησε
1330 1909 1384 1966 τὸν

231 2007 363 2086 Γέλωνα,
375 2012 501 2094 ὕστερον
516 2017 548 2080 δέ
563 2013 597 2077 τὸ
608 2017 665 2095 μέν
674 2015 775 2094 μνῆμα
786 2014 908 2076 ἀνεῖλον
928 2009 1129 2093 Καρχηδόνιοι
1145 2005 1383 2089 πρωτεύσαντες

232 2109 280 2176 ἐπὶ
293 2114 494 2196 Συρακούσας,
510 2119 564 2184 τδς
579 2119 612 2182 δέ
627 2117 745 2199 τύρσεις
755 2114 945 2195 Ἀγαθοκλῆς
957 2112 1109 2194 κατέβαλε
1125 2110 1174 2175 διά
1188 2110 1242 2176 τὸν
1256 2109 1383 2191 φθόνον.

232 2213 303 2281 ἀλλ’
317 2219 398 2300 ὅμως
412 2219 480 2285 ούτε
497 2221 698 2304 Καρχηδόνιοι
713 2223 763 2286 διδ
778 2219 833 2299 τὴν
849 2220 960 2303 ἔχθραν
977 2216 1046 2281 οὔτε
1059 2212 1250 2294 Ἀγαθοκλῆς
1264 2211 1315 2278 διά
1328 2212 1384 2291 τὴν

233 2320 309 2386 ίδίαν
331 2324 436 2387 κακίαν
459 2323 527 2388 οὕτε
547 2322 645 2391 άλλος
670 2323 739 2389 ούδέ
763 2325 807 2390 είς
828 2320 958 2402 ἠδυνήθη
981 2324 1032 2383 τοῦ
1051 2320 1188 2384 Γέλωνος
1210 2315 1383 2398 ἀφελέσθαι

232 2424 287 2502 τῆν
305 2425 478 2505 δόξαν...
524 2424 572 2515 (7)
597 2408 700 2493 Γέλων
723 2432 777 2510 μέν
802 2427 854 2491 οδυ
878 2425 1006 2501 ἑπταετῆ
1034 2422 1144 2505 χρόνον
1167 2421 1385 2500 ἐβασίλευσεν,

231 2523 332 2608 Ἱέρων
347 2529 373 2592 δ’
389 2531 406 2593 ά
422 2530 555 2612 ἀδελφὸς
578 2532 669 2596 αὐτοῦ
691 2529 903 2611 διαδεξάμενος
925 2529 980 2608 τῆν
1002 2527 1098 2610 ἀρχὴν
1117 2526 1306 2606 ἐβασίλευσε
1324 2526 1385 2587 τῶν

233 2634 426 2730 Συρακοσίων
441 2635 492 2715 ἐτη
508 2635 613 2700 ἐνδεκα
628 2634 676 2700 καὶ
691 2638 787 2716 μῆνας
803 2635 890 2698 θκτά.

276 2773 329 2828 33.
352 2761 460 2832 Schol.
478 2762 573 2830 Pind.
588 2762 686 2849 Ρμίά.
703 2763 725 2828 i.
743 2764 802 2848 89:
826 2760 975 2841 Καμάτων
998 2757 1023 2825 δ’
1049 2759 1191 2824 ἐπίλασιν
1217 2757 1384 2840 παράσχοι.

233 2867 373 2945 καμάτων
394 2868 473 2950 φησὶ
495 2875 555 2934 τῶν
578 2869 768 2954 συνεχάντων
790 2872 843 2931 τὸν
865 2862 987 2947 Ἱέρωνα
1006 2865 1039 2928 ἐκ
1063 2867 1115 2927 τοῦ
1138 2860 1308 2941 νοσήματος
1331 2865 1385 2941 τῆς

233 2972 395 3052 λιθουρίας.
440 2970 519 3055 φησὶ
539 2972 595 3057 γάρ
612 2998 671 3037 που
687 2970 735 3036 καὶ
751 2968 964 3053 Ἀριστοτέλης
979 2970 1011 3033 ἐν
1026 2965 1062 3056 τῇ
1076 2974 1136 3031 τῶν
1152 2966 1280 3031 Γελοίων
1295 2972 1384 3029 πολι-

233 3073 307 3158 τεία,
330 3073 455 3139 Γέλωνα
477 3075 530 3142 τὸν
552 3080 604 3139 τοῦ
628 3074 762 3158 Ἱέρωνος
785 3076 921 3156 ἀδελφὸν
944 3072 1037 3158 ὑδέρῳ
1064 3069 1212 3151 νοσήματι
1236 3069 1289 3133 τὸν
1311 3069 1386 3148 βίον

233 3179 422 3256 τελευτῆσαι,
438 3178 527 3244 αὐτὸν
545 3183 577 3246 δέ
595 3179 648 3243 τδν
661 3177 791 3258 Ἱέρωνα,
813 3180 846 3242 ἐν
868 3179 904 3264 τῇ
927 3182 986 3241 τῶν
1008 3174 1217 3258 Συρακουσίων
1235 3174 1384 3258 πολιτεία,

234 3283 375 3367 δυσουρίᾳ
391 3286 589 3365 δυστυχῆσαι.

277 3419 331 3474 34.
354 3408 442 3474 ΡΙιιδ.
458 3408 555 3496 Ργύίι.
569 3431 617 3476 ον’.
636 3429 675 3491 19
693 3408 782 3497 (Etk.
796 3427 861 3493 403
878 3405 938 3494 C):
969 3404 1051 3472 ’Ἱστε
1073 3411 1183 3480 τοίνυν,
1208 3405 1255 3469 ὅτι
1281 3404 1386 3470 Γέλων

233 3515 289 3594 μέν
303 3515 467 3594 ὑδρωπιῶν,
490 3513 591 3593 Ἱέρων
606 3519 638 3582 δέ
654 3519 762 3578 λιθιῶν
777 3511 987 3594 ἐτυράννησεν.

321 3749 476 3807 Division
498 3749 538 3808 of
554 3764 670 3820 power
691 3752 846 3808 between
868 3749 998 3805 Hieron
1019 3747 1089 3804 and
1110 3744 1300 3814 Polyzelos.

278 3889 332 3944 35.
359 3877 468 3945 Schol.
495 3878 589 3943 Pind.
613 3878 663 3945 Ol.
685 3879 719 3945 i'L
740 3898 800 3963 29:
821 3877 859 3942 ‘0
885 3884 917 3944 δὲ
948 3879 1079 3959 Δίδυμος
1108 3882 1142 3941 τδ
1168 3873 1387 3959 ἀκριβέστερον

235 3983 287 4060 τῆς
311 3984 443 4065 ἱστορίας
460 3983 609 4046 ἐκτίθεται
626 3983 757 4064 μάρτυρα
771 3985 899 4064 Τίμαιον
917 3988 970 4046 τὸν
990 3978 1177 4059 συντάξαντα
1193 3979 1232 4043 τὰ
1250 3976 1387 4061 περὶτῆς

235 4087 376 4151 Σικελίας
398 4087 633 4169 προφερόμενος.
677 4085 696 4166 ἡ
723 4089 756 4151 δέ
782 4087 900 4168 ἱστορία
924 4087 1018 4151 ούτως
1041 4084 1115 4169 ἔχει·
1154 4081 1264 4165 Θήρων
1285 4085 1301 4145 ὁ
1325 4090 1388 4148 τῶν

234 4185 475 4271 Ἀκραγαντίνων
499 4188 648 4269 βασιλεὺς
674 4189 789 4255 Γέλωνι
815 4192 856 4276 τῷ
882 4189 1016 4272 Ἱέρωνος
1042 4187 1166 4273 ἀδελφῷ
1189 4186 1388 4265 ἐπικηδεύσας

235 4290 321 4377 γάμιρ
337 4291 483 4356 συνάπτει
498 4292 554 4372 τῆν
568 4294 658 4356 αὑτοῦ
671 4292 816 4377 θυγατέρα
829 4293 1015 4376 Δημαρέτην,
1027 4288 1081 4374 ἀφ’
1091 4291 1128 4371 ῆς
1140 4288 1188 4354 καί
1202 4296 1238 4354 τδ
1248 4288 1387 4371 Δημαρέ-

234 4419 316 4460 τιιον
344 4395 478 4477 νόμισμα
507 4396 540 4462 ἐν
568 4396 700 4483 Σικελία.
751 4402 803 4462 τοῦ
831 4401 864 4464 δέ
895 4396 1031 4463 Γέλωνος
1061 4399 1204 4460 τελευτῶν
1234 4398 1286 4459 τὸν
1315 4393 1388 4473 βίον

232 4496 402 4582 μέλλοντος
417 4499 596 4580 Πολύζηλος
611 4501 745 4583 ἀδελφὸς
763 4501 819 4581 τῆν
835 4502 1020 4584 στρατηγίαν
1040 4496 1088 4565 καὶ
1109 4498 1164 4579 τήν
1182 4496 1315 4582 γαμετήν
1333 4501 1388 4561 τοῦ
