3000 5046
227 372 289 434 320
544 353 631 413 THE
658 353 869 412 WESTERN
893 352 1070 412 GREEKS.
1224 363 1387 429 [cmm.

734 485 882 494 ...a——

230 551 371 615 knotted
386 559 524 635 seeptre.
568 549 610 613 In
629 547 720 615 front
735 548 772 615 of
784 548 841 614 the
857 549 962 635 figure
977 570 1021 614 an
1036 550 1128 634 engle
1142 570 1169 611 r.
1184 516 1328 633 perches}
1341 566 1388 612 on

230 660 291 740 top
307 653 344 719 of
356 675 377 719 ι
392 653 562 740 pino-tree.
1377 684 1380 688 ‡

276 757 399 823 Hirsoh
415 755 609 823 collection.

935 852 979 920 R.
1004 842 1072 908 Wt.
1094 834 1387 929 17·23gra'1nmes.

276 946 354 1039 [See
368 945 475 1012 Num.
492 946 613 1013 θλτοτι.
633 947 727 1033 1883,
741 968 771 1033 p.
794 947 865 1026 164,
885 946 934 1010 Pl.
951 944 997 1011 ix.
1017 965 1045 1011 1.
1086 963 1092 969 ·

277 1052 328 1119 Cf.
344 1052 434 1117 Brit.
450 1051 539 1117 Μαι.
556 1052 638 1132 Cat„
653 1051 770 1137 Sicily,
787 1049 916 1118 catana
929 1073 1000 1117 nos.
1020 1070 1058 1118 12
1068 1047 1117 1140 ff.]

320 1222 539 1308 Ιωιροιυατισι
560 1222 600 1308 os
618 1222 731 1289 Aitna
753 1243 792 1287 ας
813 1243 937 1288 reservo
959 1221 1098 1309 οραίτιςδ
1119 1220 1296 1308 Syram.

277 1343 374 1411 Diod.
390 1343 435 1410 xi.
452 1347 504 1426 67.
521 1359 549 1426 7.
596 1341 657 1410 See
671 1342 781 1409 below
794 1354 867 1409 144.

247 1567 378 1626 Hieron
398 1567 593 1625 intervenes
615 1566 749 1636 against
770 1566 957 1625 Anaxilaus
980 1581 1025 1624 on
1042 1567 1162 1625 behalf
1180 1567 1219 1624 ot
1237 1564 1379 1623 Lokroi.

277 1700 330 1753 53.
353 1687 448 1752 Pind.
464 1686 562 1774 Ργθι.
578 1686 613 1751 ii.
634 1701 671 1768 17
688 1685 774 1773 (32):

447 1791 536 1875 Ἀγει
559 1792 591 1856 δέ
613 1790 701 1875 χάρις
724 1793 826 1874 φίλων
847 1792 986 1872 ποίνιμος

364 1894 429 1960 ἀντὶ
451 1895 568 1979 θέργων
587 1895 757 1974 ὀπιζομένα·

365 2004 401 2067 σὲ
424 2001 461 2081 δ’,
483 1998 507 2064 ὦ
531 1999 723 2080 Δεινομένειε
745 2004 809 2082 παῖ,
832 2003 968 2082 Ζεφυρία
990 2006 1048 2083 πρδ
1069 2001 1169 2079 δόμων

365 2103 474 2186 Λοκρὶς
497 2104 647 2181 παρθένος
670 2103 767 2180 ἀπύει,

364 2210 518 2286 πολεμίων
541 2206 680 2290 καμάτων
702 2205 740 2287 ἐξ
759 2206 923 2290 ἀμαχάνων

364 2312 413 2376 διὰ
434 2310 506 2376 τεὰν
529 2312 654 2392 δύναμιν
676 2311 808 2394 δρακεῖσ’
833 2312 981 2392 ἀσφαλές.

278 2442 323 2496 54
356 2429 465 2497 Schol.
487 2429 572 2495 ibid.
596 2450 657 2516 34:
690 2433 731 2494 Σὲ
751 2437 787 2509 δ’,
811 2429 834 2496 ὦ
858 2430 1048 2511 Δεινομένειε
1070 2428 1140 2521 παῖ]
1165 2431 1313 2512 Ἀναξίλα
1334 2439 1389 2498 τοῦ

236 2535 404 2614 Μεσσήνης
420 2536 468 2598 καὶ
482 2534 603 2616 Ῥηγίου
617 2539 760 2617 τυράννου
775 2541 902 2617 Λοκροῖς
922 2540 1126 2614 πολεμοῦντος
1146 2535 1247 2615 Ἱέρων
1261 2537 1389 2618 πέμψας

235 2640 369 2721 Χρόμιον
384 2644 435 2703 τὸν
452 2638 600 2718 κηδεστὴν
614 2640 812 2719 διηπείλησεν
826 2638 915 2725 αὐτῷ,
929 2641 956 2704 εί
970 2639 1011 2720 μη
1028 2639 1230 2704 καταλύσαιτο
1246 2646 1300 2704 τδν
1313 2640 1389 2723 πρδς

235 2742 342 2809 αὐτοὺς
364 2744 509 2822 πόλεμον,
524 2743 615 2807 αὐτὸν
637 2750 710 2825 πρὸς
732 2749 767 2806 τδ
782 2741 902 2827 Ῥήγιον
921 2744 1103 2824 στρατεύειν·
1141 2743 1232 2824 οὗπερ
1252 2744 1289 2822 δή
1312 2743 1389 2826 πρὸς

235 2847 290 2925 τήν
305 2845 435 2925 ἀπειλήν
450 2846 589 2912 ἐνδόντος
601 2848 635 2911 έν
646 2845 746 2932 εἰρήνῃ
758 2850 863 2930 διῆγον
875 2848 904 2909 οἱ
916 2847 1037 2928 Λοκροί.
1079 2846 1129 2927 ἐφ’
1144 2848 1189 2912 οἶς
1204 2847 1257 2911 οὖν
1273 2847 1389 2911 ἔπαθον

236 2952 267 3013 αἱ
290 2952 443 3032 Λοκρίδες,
466 2948 538 3036 ᾖδον
561 2951 610 3014 καὶ
634 2951 801 3032 καθύμνουν
823 2956 876 3016 τὸν
897 2947 1094 3032 Ἱέρωνα...
1115 2950 1133 3034 ή
1150 2998 1157 3013 .
1174 2997 1182 3014 .
1200 2997 1207 3013 .
1223 2950 1388 3031 Ἀναξίλας

235 3055 293 3135 γὰρ
315 3056 363 3116 καὶ
382 3055 551 3134 Κλεόφρων
567 3055 584 3115 δ
603 3054 708 3117 τούτου
727 3058 798 3120 παῖς
813 3053 946 3120 Ἰταλίας
969 3055 1054 3119 ὄντες
1076 3053 1225 3135 τύραννοι,
1241 3055 1258 3116 δ
1279 3056 1337 3133 μὲν
1355 3056 1390 3118 έν

237 3157 387 3243 Μεσσήνῃ
409 3159 445 3240 τῇ
470 3158 622 3244 Σικελική,
647 3160 664 3221 δ
691 3160 723 3223 δέ
746 3159 778 3224 έν
798 3155 909 3244 Ῥηγίῳ
932 3159 972 3243 τῷ
994 3154 1063 3240 περὶ
1085 3157 1226 3235 Ἰταλίαν,
1253 3159 1389 3240 πόλεμον

235 3261 380 3340 ήπείλουν
410 3266 545 3342 Λοκροῖς·
588 3260 908 3345 διαπρεσβευσάμενος
939 3265 972 3327 δέ
1002 3267 1076 3344 πρδς
1106 3262 1211 3330 αὐτοὺς
1240 3263 1257 3324 δ
1285 3261 1388 3345 Ἱέρων

235 3365 350 3430 ἔπαυσε
365 3364 432 3430 τοὺς
448 3365 579 3447 Λοκροὺς
593 3371 646 3430 τοῦ
660 3367 805 3445 πολέμου.

280 3515 334 3569 55.
358 3503 451 3569 Pind.
466 3502 564 3589 Pyth.
580 3503 602 3568 i.
620 3519 657 3588 51
676 3502 769 3591 (98):

627 3609 688 3672 Σὺν
710 3609 736 3672 δ’
759 3607 873 3694 ἀνάγκᾳ
895 3635 942 3674 νιν
965 3609 1059 3691 φίλον

454 3715 504 3776 καί
524 3738 570 3779 τις
593 3714 650 3777 έδν
671 3711 851 3796 μεγαλάνωρ
873 3713 991 3778 ἔσανεν.

279 3866 335 3921 56.
360 3855 467 3923 Schol.
482 3856 529 3922 αεί
543 3856 601 3922 loo.
617 3882 624 3922 :
656 3858 824 3923 Αίνίττεται
843 3861 876 3924 δὲ
897 3863 985 3922 τοῦτο
1000 3860 1043 3925 είς
1058 3857 1243 3938 Ἀνοξίλαον
1257 3858 1310 3923 τδν
1328 3865 1389 3924 τῶν

235 3955 380 4041 Ῥηγίνων
415 3959 550 4041 βασιλέα
587 3959 779 4040 βουληθέντα
809 3966 941 4043 Λοκροὺς
976 3965 1225 4042 καταπολεμῆσαι
1254 3961 1323 4029 τοὺς
1356 3965 1389 4028 έν

234 4060 353 4148 Ἰταλίη
369 4064 418 4127 καὶ
434 4064 654 4141 έμποδισθέντα
674 4065 710 4151 τῇ
726 4070 779 4127 τοῦ
792 4065 927 4147 Ἱέρωνος
942 4067 1064 4153 ἀπειλῇ.
1101 4067 1148 4131 ὅτι
1164 4069 1195 4130 δὲ
1210 4063 1390 4144 Ἀναξίλαος

235 4166 367 4247 Λοκροὺς
396 4166 548 4246 ήθέλησεν
578 4167 669 4248 ἀρδην
698 4169 850 4234 ἀπολέσαι
887 4168 935 4234 καὶ
971 4170 1106 4249 ἐκωλύθη
1137 4176 1212 4252 πρὸς
1241 4169 1389 4252 Ἱέρωνος,

237 4271 353 4352 ίστορεῖ
378 4273 428 4335 καὶ
449 4270 636 4354 Ἐπίχαρμος
663 4273 697 4335 έν
722 4273 841 4340 Νάσοις
863 4270 908 4358 (p.
928 4293 967 4357 19
992 4272 1202 4358 Kmseman).
1246 4275 1265 4358 §
1291 4274 1389 4355 ἕτεροι

235 4374 267 4437 δὲ
289 4379 343 4437 τὸν
365 4370 497 4455 Θήρωνα
519 4372 620 4457 λέγειν
641 4376 772 4455 ἔφασαν,
789 4375 828 4443 ὧς
851 4382 904 4440 τοῦ
920 4375 1064 4458 Θήρωνος
1081 4377 1202 4461 μεγάλα
1223 4382 1281 4458 μὲν
1302 4383 1390 4444 δυνα·

233 4475 337 4559 μένον,
352 4478 566 4546 κολακεύοντος
581 4481 615 4544 δὲ
630 4484 685 4545 τὸν
698 4476 829 4562 Ἱέρωνα.
