3000 5046
226 341 285 401 128
427 345 658 404 EXTERNAL
684 347 881 406 HISTORY
904 349 961 406 OF
983 349 1168 420 ATHENS,
1240 360 1303 425 [(111
1316 363 1375 411 111.

224 538 307 626 νήσῳ
323 537 342 620 ἢ
358 541 471 605 ἄλλοθί
489 565 556 617 που,
571 543 665 603 ταῦτα
683 539 782 605 πάντα
797 543 840 608 είς
856 542 889 607 έν
903 541 1064 625 ἠθροῖσθαι
1079 543 1127 608 διὰ
1142 546 1198 624 τὴν
1214 545 1311 630 ἀρχὴν
1325 549 1378 625 τῆς

225 643 385 724 θαλάττης.

629 856 701 914 'l'he
725 858 850 916 sacred
872 859 966 916 war.

268 1011 339 1067 187.
359 999 462 1067 Thuo.
479 1001 500 1064 i.
521 1021 591 1068 112.
608 1016 639 1085 5.

267 1159 340 1213 188.
362 1148 507 1214 Ατίαίοό.
518 1149 587 1213 xiv.
598 1146 645 1232 (F.
658 1145 703 1213 H.
717 1149 752 1212 G.
763 1171 795 1214 v.
807 1170 839 1235 p.
849 1149 918 1235 16):
939 1153 1027 1216 Μετδ
1043 1154 1075 1216 δέ
1089 1157 1181 1217 ταῦτα
1195 1151 1377 1232 Ἑλληνικὸς

222 1253 356 1331 πόλεμος
386 1251 507 1336 ἐγένετο
537 1252 574 1333 ἐξ
602 1255 699 1320 αἰτίας
735 1257 881 1332 τοιαύτης.
937 1256 1166 1336 Λακεδαιμόνιοι
1191 1257 1377 1337 άφελόμενοι

223 1358 354 1422 Φωκέων
383 1362 417 1421 τδ
447 1359 480 1423 ἐν
512 1362 650 1438 Δελφοῖς
680 1359 761 1439 ίερδν
790 1358 967 1440 παρέδοσαν
992 1363 1128 1437 Λοκροῖς,
1155 1361 1205 1424 καὶ
1235 1356 1378 1448 [ὕστερον

222 1456 394 1550 Ἀθηναῖοι]
410 1461 595 1544 άφελόμενοι
611 1459 716 1528 αὐτοὺς
732 1460 885 1527 ἀπέδοσαν
900 1461 995 1528 πόλιν
1009 1467 1072 1530 τοῖς
1087 1467 1256 1529 Φωκεῦσιν.

265 1617 340 1671 188.
365 1604 475 1672 Sohol.
491 1606 528 1670 in
551 1607 609 1673 Ar.
635 1607 697 1672 Αν.
723 1608 807 1691 556:
838 1606 933 1689 Ἱερὸν
958 1611 1110 1688 πόλεμονε
1146 1611 1263 1693 δίερὸς
1285 1611 1376 1676 πόλε·

222 1736 277 1792 μος
310 1710 431 1792 ἐγένετο
466 1711 638 1791 Ἀθηναίοις
672 1712 747 1795 πρὸς
778 1714 927 1780 Βοιωτοὺς
959 1715 1166 1793 βουλομένους
1203 1714 1377 1794 ἀφελέσθαι

222 1816 354 1880 Φωκέων
378 1821 411 1879 τδ
434 1820 585 1896 μαντεῖον.
631 1814 808 1893 νικήσαντες
828 1820 861 1881 δὲ
882 1821 1024 1882 Φωκεῦσι
1038 1815 1134 1882 πόλιν
1149 1817 1376 1903 άπέδωκανγῶς

222 1920 392 2003 Φιλόχορος
404 1915 450 2001 (ἐν
465 1944 500 2008 τη
512 1916 553 2006 δ’)
565 1920 650 2002 λέγει
659 1918 731 2006 (Fr.
743 1918 808 2007 88).
853 1921 905 1986 δίο
918 1925 951 1987 δὲ
968 1923 1041 2003 ἱεροὶ
1057 1922 1186 2001 πόλεμοι
1201 1923 1376 2005 γεγόνασιν,

222 2019 309 2088 οὗτός
323 2047 356 2089 τε
372 2025 420 2088 καὶ
435 2024 527 2088 ὁπότε
542 2028 700 2090 Φωκεῦσιν
715 2023 857 2090 ἐπέθεντο
871 2025 1107 2104 Λακεδαιμόνιοι.
1145 2022 1192 2111 (ἐν
1211 2025 1301 2092 ἐνίοις
1316 2033 1376 2091 τῶν

220 2127 441 2208 ὑπομνημάτων
464 2132 556 2192 ταῦτα
579 2128 710 2212 λέγεται·
745 2129 824 2208 ίερδν
845 2130 980 2210 πόλεμον
998 2129 1092 2212 λέγει,
1110 2128 1184 2193 καθὸ
1200 2128 1275 2211 πρὸς
1290 2129 1374 2196 θεοὺς

222 2231 334 2294 ἔσοιτο.
380 2230 440 2310 άμα
462 2233 494 2295 δέ
514 2239 567 2295 τοῦ
588 2235 668 2312 ίεροῦ
689 2234 824 2315 πολέμου
842 2232 1021 2314 μνημονεύει
1035 2237 1088 2296 τοῦ
1104 2233 1267 2315 γενομένου
1282 2232 1375 2312 Ἀθη-

220 2336 315 2400 ναῖοις
330 2335 404 2418 πρὸς
419 2336 543 2402 Φωκέας
560 2339 634 2418 ὑπὲρ
648 2343 700 2401 τοῦ
716 2339 749 2403 ἐν
765 2343 902 2420 Δελφοῖς
924 2339 1013 2417 ίεροῖ.
1058 2337 1256 2421 ἐσχεδίασται
1271 2339 1304 2401 δέ
1325 2335 1373 2400 ὑπ’

220 2437 327 2503 αὐτῶν.
372 2439 486 2522 οὐγὰρ
512 2446 586 2520 πρὸς
611 2441 734 2508 Φωκέας
760 2443 835 2522 ὑπὲρ
861 2441 967 2505 τούτου
990 2438 1190 2520 ἐπολέμησαν,
1209 2439 1277 2503 ἀλλ’
1300 2442 1376 2522 δπέρ

220 2541 360 2619 Φωκέων,
375 2541 424 2606 διδ
439 2548 472 2606 τδ
488 2544 562 2625 πρὸς
574 2547 826 2623 Λακεδαιμονίους
842 2545 942 2629 ἔχθος.
972 2544 1118 2627 γεγόνασι
1134 2547 1166 2607 δέ
1182 2544 1233 2608 δύο
1246 2545 1375 2622 πόλεμοι

222 2646 305 2725 ἱεροί.
349 2647 493 2729 πρότερος
515 2652 572 2728 μὲν
602 2649 846 2732 Λακεδαιμονίοις
871 2655 947 2729 πρὸς
978 2651 1094 2715 Φωκεῖς
1124 2650 1196 2728 ὑπὲρ
1228 2654 1373 2728 Δελφῶν.

222 2753 270 2813 καὶ
300 2748 502 2831 κρατήσαντες
531 2757 584 2815 τοῦ
610 2754 690 2834 ἱεροῦ
720 2753 950 2831 Λακεδαιμόνιοι
980 2751 1036 2831 τὴν
1065 2751 1264 2830 προμαντείαν
1293 2753 1375 2831 παρὰ

222 2859 356 2929 Δελφῶν
392 2855 519 2933 έλαβου.
574 2857 702 2936 θστερον
732 2858 764 2921 δέ
794 2857 881 2940 τρίτῳ
913 2857 973 2920 ἔτει
1004 2858 1057 2919 τοῢ
1086 2855 1205 2937 πρότου
1241 2854 1374 2935 πολέμου

219 2956 390 3036 Ἀθηναίοις
406 2959 479 3038 πρὸς
495 2960 745 3040 Λακεδαιμονίους
760 2961 832 3041 ὑπὲρ
848 2960 988 3024 Φωκέων.
1020 2956 1068 3023 καί
1080 2964 1113 3021 τδ
1127 2958 1207 3039 ἱερὸν
1217 2958 1375 3022 άπέδωκαν

122 3140 126 3149 ι
220 3065 370 3139 Φωκεῦσι,
386 3062 519 3144 καθάπερ
536 3064 584 3127 καὶ
600 3066 770 3148 Φιλόχορος
787 3066 820 3127 ἐν
835 3088 870 3150 τη
892 3058 919 3127 δ’
933 3061 1026 3145 λέγει.
1073 3067 1208 3126 καλεῖται
1229 3063 1260 3125 δέ
1285 3062 1373 3142 ἱερός,

220 3165 268 3228 ὅτι
294 3167 362 3247 περὶ
387 3171 440 3229 τοῦ
466 3168 500 3231 ἐν
526 3173 664 3247 Δελφοῖς
689 3170 768 3249 ἱεροτῖ
794 3167 924 3248 ἐγένετο.
970 3168 1087 3248 ίστορεῖ
1112 3161 1180 3247 περί
1205 3164 1295 3228 οδτοῦ
1326 3165 1375 3228 καί

221 3271 406 3349 Θουκυδίδης
427 3267 475 3333 κοί
488 3269 712 3353 Ἐρατοσθένης
728 3272 761 3336 ἐν
775 3271 816 3356 τῷ
832 3269 859 3334 θ’
876 3268 924 3335 καὶ
941 3270 1125 3349 Θεόπομπος
1140 3270 1173 3332 ἐν
1188 3269 1228 3354 τῷ
1242 3264 1309 3354 κε’.)

258 3378 337 3479 ⁴100.
362 3412 542 3480 Ρ1ο1.Ριν.
565 3434 623 3481 21:
646 3414 735 3481 Ἐπεὶ
754 3415 811 3500 γὰρ
833 3418 861 3481 οί
883 3415 1113 3493 Λακεδαιμόνιοι
1137 3413 1374 3495 στρατεύσαντες

220 3519 262 3584 είς
291 3519 435 3601 Δελφοὺς
462 3520 593 3585 Φωκέων
617 3522 749 3603 ἐχόντων
771 3526 805 3585 τδ
830 3521 911 3601 ἱερὸν
936 3524 1074 3596 Δελφοῖς
1098 3518 1265 3592 ἀπέδωκαν,
1290 3517 1373 3582 εὐθὺς

220 3623 343 3687 ἐκείνων
367 3624 609 3705 ἀπαλλαγέντων
633 3627 649 3688 ὁ
675 3627 826 3707 Περικλῆς
850 3626 1088 3706 ἐπιστρατεύσας
1110 3619 1205 3685 πάλιν
1229 3618 1375 3703 εἰσήγαγε

219 3726 288 3792 τοὺς
314 3725 448 3793 Φωκέας.
494 3725 542 3791 καί
568 3735 628 3792 τῶν
653 3729 897 3809 Λακεδαιμονίων
920 3725 958 3806 ἣν
985 3727 1099 3790 ἔδωκαν
1126 3726 1227 3791 αὐτοῖς
1253 3720 1374 3804 Δελφοί

219 3831 421 3910 προμαντείαν
436 3833 478 3896 είς
494 3831 528 3894 τδ
543 3831 682 3910 μέτωπον
698 3831 936 3915 ἐγκολαψάντων
950 3835 1003 3895 τοῦ
1017 3835 1136 3914 χαλκοῦ
1151 3830 1253 3904 λύκου,
1265 3829 1374 3907 λαβὸν

219 3930 269 3993 καὶ
285 3929 372 3995 αὐτὸς
387 3933 588 4011 προμαντείαν
603 3938 664 3998 τοῖς
680 3931 851 4011 Ἀθηναίοις
865 3934 909 3998 είς
927 3931 981 3996 τδν
999 3931 1090 3994 αὐτὸν
1110 3928 1205 3993 λύκον
1229 3931 1304 3991 κατὰ
1319 3927 1374 4006 τὴν

219 4031 323 4112 δεξιὰν
338 4037 471 4113 πλευρὰν
487 4034 678 4119 ἐνεχάραξεν.
721 4049 726 4060 ’

263 4190 330 4244 181.
353 4177 489 4245 suidas:
513 4180 602 4263 Ἱερδς
619 4183 762 4264 πόλεμος.
806 4181 859 4246 δόο
875 4183 1015 4265 ἐγένοντο
1033 4181 1108 4262 ἱεροὶ
1119 4181 1258 4258 πόλεμοι·
1283 4177 1374 4256 Ἀθη-

219 4286 315 4350 ναίοις
339 4284 413 4366 πρὸς
433 4285 581 4354 Βοιωτοὺς
602 4288 808 4368 βουλομένους
826 4284 999 4365 ἀφελέσθαι
1020 4282 1151 4347 Φωκέων
1170 4289 1204 4346 τδ
1223 4286 1374 4363 μαντεῖον,

218 4386 397 4466 νικήσαντες
426 4392 459 4455 δὲ
489 4394 630 4456 Φωκεῦσι
655 4391 749 4456 πόλιν
780 4393 946 4454 ἀπέδωκαν·
970 4391 987 4454 δ
1011 4391 1043 4453 δέ
1067 4388 1168 4469 έτερος
1198 4384 1372 4466 Ἀθηναίοις

205 4491 294 4574 πρὸς
309 4494 563 4574 Λακεδαιμονίους
577 4496 652 4577 ὑπὲρ
667 4494 808 4574 Φωκέων,
824 4497 873 4559 διὰ
888 4493 923 4558 τὸ
938 4495 971 4560 ἐν
988 4496 1125 4574 Δελφοῖς
1141 4491 1232 4575 ἱερόν.
