3000 5046
202 371 262 434 23²
617 352 947 412 BIOGRAPHJCAL.
1227 360 1353 425 [cm

202 555 257 632 τῆς
273 550 410 628 ἱκετείας,
425 549 584 632 ἐμέμψατο
599 547 678 634 αὐτῷ
693 549 758 613 καθ’
777 551 852 614 ὅσον
874 550 917 615 είς
938 548 994 628 τήν
1014 547 1182 627 ἐπιστολήν
1201 548 1354 631 ένέγραψε

202 661 254 720 τὸν
280 654 345 719 κατ’
371 654 462 718 αῶτοῶ
488 652 626 719 θάνατου.
670 651 794 738 (5)τοῦ
820 654 852 716 δὲ
880 652 1055 716 Παυσανίου
1080 650 1236 733 φήσαντος
1261 677 1352 731 μετα·

201 762 363 837 μελεῖσθαι
400 756 449 823 καῖ
485 759 666 840 συγγνώμην
702 755 878 836 αἰτουμένου
906 761 969 821 τοῖς
987 757 1204 837 ,ἀγνοηθεῖσιω
1238 756 1284 820 ἔτι
1319 758 1353 819 δέ

202 862 358 940 δεηθέντος
373 861 454 927 ὅπως
470 861 640 947 συγκρόφη,
658 858 704 924 καὶ
720 863 831 940 δωρεὰς
849 859 986 942 μεγάλας
1001 857 1255 942 ὑπισχνουμένου,
1267 856 1353 923 αὐτοὶ

200 968 257 1045 μὲν
280 964 475 1045 διελύθησαν,
492 966 521 1029 οἱ
545 962 571 1030 δ’
587 965 691 1048 ἔφοροι
717 960 765 1027 καὶ
792 965 821 1027 οῖ
839 962 903 1044 μετ’
928 964 1028 1029 αὐτῶν
1052 964 1184 1044 ἀκριβῶς
1205 963 1353 1041 μαθόντες

201 1070 332 1148 τάληθὲς
356 1068 424 1133 τότε
449 1070 506 1147 μέν
530 1067 675 1152 ἡσυχίαν·
690 1069 795 1151 ἔσχον,
818 1069 1001 1150 ὕστερονδὲ
1024 1072 1085 1131 τῶν
1110 1069 1353 1146 Λακεδαιμονίων

201 1178 265 1239 τοῖς
281 1172 403 1253 ἐφόροις
419 1173 709 1251 συλλαμβανόντων,
725 1172 962 1252 προαισθόμενος
977 1172 1096 1252 ἔφθασε
1112 1167 1161 1234 καί
1182 1169 1353 1254 κατέφυγεν

202 1277 245 1343 είς
262 1279 342 1357 ἱερδυ
356 1276 391 1340 τδ
407 1278 460 1354 τῆς
474 1275 606 1349 Ἀθηνᾶς
622 1280 674 1355 τῆς
694 1275 886 1340 Χαλκιοίκου.
931 1272 979 1362 (ό)
1003 1275 1216 1357 ἀπορουμένων
1239 1277 1273 1338 δέ
1291 1279 1353 1340 τῶν

201 1380 445 1457 Λακεδαιμονίων
465 1381 493 1444 εί
517 1378 737 1461 τιμωρήσονται
760 1385 814 1443 τδν
837 1379 946 1457 ἱκέτην,
960 1379 1084 1462 λέγεται
1102 1379 1158 1458 τήν
1170 1380 1283 1460 μητέρα
1297 1383 1352 1442 ταῶ

202 1484 379 1547 Παυσανίου
403 1481 637 1562 καταντήσασαν
660 1485 703 1551 είς
726 1483 761 1547 τδ
785 1485 864 1563 ίερδν
885 1483 964 1546 ἀλλο
983 1487 1040 1561 μέν
1057 1484 1151 1563 μηδέν
1170 1480 1239 1563 μήτ’
1254 1485 1353 1548 εἰπεῖν

199 1585 276 1666 μήτε
291 1584 401 1667 πρᾶξαι
418 1582 489 1674 [τι],
504 1588 633 1652 πλίνθον
647 1589 681 1651 δέ
701 1584 911 1666 βαστάσασαν
930 1587 1085 1650 ἀναθεῖναι
1101 1584 1175 1649 κατὰ
1190 1586 1245 1664 τήν
1260 1587 1303 1653 είς
1317 1593 1354 1650 τδ

201 1688 282 1771 ἱερὸν
298 1691 425 1765 εἴσοδον,
442 1687 490 1753 καί
510 1694 598 1753 τοῦτο
621 1686 779 1771 πρόξασαν
801 1690 980 1753 ἐπανελθεῖν
1001 1691 1044 1755 είς
1065 1687 1121 1768 τὴν
1142 1689 1220 1753 ίδίαν
1241 1690 1351 1753 οίκίαν.

200 1789 249 1880 (7)
271 1792 338 1858 τοὺς
355 1793 387 1856 δέ
402 1794 653 1872 Λακεδαιμονίους
668 1793 705 1880 τῇ
721 1795 772 1870 τῆς
787 1797 898 1872 μητρὸς
914 1792 1011 1873 κρίσει
1027 1790 1352 1871 συνακολουθήσαντας

200 1897 431 1973 ἐνοικοδομήσοι
448 1895 503 1974 τήν
524 1896 652 1971 εἴσοδον,
670 1890 718 1958 καί
739 1895 833 1979 τούτῳ
853 1898 895 1979 τῷ
919 1895 1019 1980 τρόπῳ
1043 1892 1272 1978 συναναγκάσαι
1296 1897 1373 1960 τόν

201 2000 381 2064 Παυσανίαν
406 2000 485 2082 λιμῶ
512 1997 719 2082 καταστρέψαι
746 2004 800 2063 τδν
825 2000 906 2077 βίον.
953 2004 987 2063 τδ
1016 2002 1073 2077 μὲν
1102 1999 1155 2063 οὖν
1179 2006 1268 2079 σῶμα
1296 2005 1351 2065 τοῦ

199 2102 435 2181 τελευτήσαντος
471 2101 669 2185 συνεχωρήθη
702 2107 766 2169 τοῖς
798 2101 986 2182 προσήκουσι
1023 2100 1209 2186 καταχῶσαι,
1245 2109 1281 2168 τδ
1318 2107 1352 2169 δὲ

199 2209 352 2286 δαιμόνιον
381 2210 434 2285 τῆς
459 2213 519 2272 τῶν
546 2209 650 2270 ἱκετῶν
677 2206 826 2287 σωτηρίας
852 2208 1071 2285 καταλυθείσης
1098 2205 1278 2286 ἐπεσήμηνε·
1300 2204 1350 2295 (8)

199 2315 258 2373 τῶν
275 2309 333 2390 γὰρ
353 2310 599 2389 Λακεδαιμονίων
621 2309 692 2393 περί
712 2335 803 2374 τινων
824 2311 929 2376 ἀλλων
952 2312 985 2375 ἐν
1009 2315 1145 2392 Δελφοῖς
1167 2336 1350 2393 χρηστηρια-

199 2413 372 2492 ζομένων,ό
394 2418 461 2480 θεδς
483 2415 574 2478 ἔδωκε
595 2420 733 2498 χρησμὸν
758 2412 888 2477 κελεύων
904 2415 1152 2492 ἀποκαταστῆσαι
1168 2412 1205 2500 τῇ
1224 2417 1280 2499 θεῷ
1297 2422 1351 2480 τδν

199 2513 307 2595 ἱκέτην.
353 2512 401 2602 (9)
423 2518 528 2598 διόπερ
543 2519 573 2580 οῖ
589 2521 773 2598 Σπαρτιᾶται
790 2518 845 2597 τὴν
858 2518 1001 2598 μαντείαν
1017 2519 1163 2583 ἀδύνατον
1179 2521 1348 2600 νομίζοντες

199 2620 284 2693 εἶναι,
301 2620 433 2703 ἠπόρουν
447 2619 497 2702 ἐφ’
514 2622 616 2685 ἱκανδν
632 2623 755 2704 χρόνον,
770 2621 804 2684 οὐ
824 2618 981 2699 δυνάμενοι
1002 2625 1127 2698 ποιῆσαι
1148 2627 1182 2685 τδ
1197 2647 1348 2704 προστατ-

197 2723 324 2802 τόμενον
341 2724 399 2789 ὑπὸ
421 2730 475 2788 τοῦ
500 2730 579 2790 θεοῶ·
604 2727 682 2802 ὅμως
699 2726 724 2789 δ’
741 2728 774 2789 ἐκ
797 2733 859 2791 τῶν
882 2726 1086 2808 ἐνδεχομένων
1105 2725 1349 2808 βουλευσάμενοι

198 2829 422 2893 κατεσκεύασαν
437 2830 555 2896 είκόνας
575 2830 626 2893 δύο
645 2835 697 2894 τοῦ
718 2829 895 2895 Παυσανίου
918 2833 1045 2913 χαλκᾶς,
1062 2827 1110 2894 καί
1134 2829 1283 2908 ἀνέθηκαν
1306 2832 1350 2897 είς

196 2937 231 2995 τδ
248 2933 329 3013 ίερδν
343 2936 395 3011 τῆς
409 2933 551 3010 Ἀθηνᾶς.

241 3061 272 3116 8.
294 3051 439 3116 An'stod.
462 3052 509 3116 iv.
532 3051 582 3137 (F.
599 3053 644 3117 Η.
664 3052 700 3118 G.
724 3074 756 3116 v.
784 3073 816 3138 p.
842 3051 891 3140 7):
916 3050 976 3117 Καὶ
999 3054 1175 3120 Παυσανίας
1197 3056 1348 3136 όΚλεομ-

196 3156 319 3237 βρότον,
336 3157 354 3219 ό
373 3163 434 3221 τῶν
450 3157 692 3236 Λακεδαιμονίων
716 3159 891 3238 στρατηγός,
913 3152 976 3244 [οὗ]
1002 3160 1077 3222 κατά
1098 3159 1275 3238 φιλοτιμίαν
1295 3159 1349 3238 τὴν

195 3260 270 3340 ὑπὲρ
296 3265 357 3326 τῶν
378 3257 547 3339 Ἑλλήνων,
573 3260 656 3323 ἀλλὰ
682 3259 732 3324 διὰ
761 3262 936 3341 προδοσίαν·
969 3261 1198 3340 συντεθειμένος
1224 3264 1282 3344 γάρ
1311 3262 1349 3342 ήν

197 3361 296 3448 Ξέρξη
312 3364 523 3443 προδόσεσθαι
535 3362 614 3450 αὐτῷ
624 3364 692 3431 τοὺς
700 3364 857 3443 Ἕλληνας
874 3363 923 3429 ἐπὶ
938 3367 979 3449 τῶ
992 3369 1104 3445 λαβεῖν
1120 3365 1267 3447 θυγατέρα
1278 3366 1347 3449 παρ’

195 3465 285 3531 αι’ντοῖι
301 3472 374 3548 πρδς
389 3465 496 3549 γόμον.
536 3467 569 3533 ῶς
585 3467 749 3550 ἐπηρμένος
765 3470 801 3557 τῇ
816 3494 850 3533 τε
866 3469 969 3531 ἐλπίδι
984 3468 1076 3555 ταύτῃ
1098 3470 1146 3534 καί
1169 3469 1211 3554 τῷ
1226 3469 1347 3553 εὐτυχή-

194 3595 265 3647 ματι
280 3568 322 3655 τφ
337 3573 370 3635 ἐν
393 3575 572 3646 Πλαταιαῖς,
588 3571 640 3635 οὐκ
662 3571 882 3655 ἐμετριοπόθει,
898 3571 980 3636 ἀλλά
1004 3578 1122 3653 πρῶτον
1145 3576 1202 3652 μέν
1221 3575 1348 3655 τρίποδα

194 3670 314 3741 ἀναθείς
336 3674 378 3759 ref»
401 3675 436 3738 ἐν
459 3680 597 3756 Δελφοῖς
623 3675 799 3742 Ἀπόλλωνι
824 3676 995 3757 ἐπίγραμμα
1020 3676 1136 3758 ἔγραψε
1159 3682 1232 3758 πρδς
1254 3678 1346 3742 αὑτὸν

194 3782 339 3842 τοιοῦτον·

325 3879 488 3960 Ἑλλήνων
511 3882 642 3964 ἀρχηγὸς
665 3881 732 3947 ἐπεὶ
756 3888 886 3963 στρατδν
909 3883 1008 3949 ῶλεσε
1032 3884 1146 3959 Μήδων

368 3983 545 4050 Παυσανίας
567 3984 673 4070 Φοίβῳ
695 3983 785 4064 μνῆμ’
808 3986 935 4065 ἀνέθηκε
957 3988 1033 4052 τόδε.

236 4084 284 4173 (2)
306 4094 368 4152 τῶν
381 4088 414 4150 δέ
429 4086 678 4169 ὑποτεταγμένων
697 4087 776 4174 αὐτῷ
798 4097 909 4169 πικρῶς
928 4089 1002 4176 ήρχε
1024 4090 1072 4156 καὶ
1090 4097 1276 4172 τυραννικῶς,
1291 4093 1345 4169 την

192 4192 248 4270 μέν
272 4189 449 4268 Λακωνικὴν
474 4189 590 4255 δίαιταν
616 4192 858 4271 ἀποτεθειμένος,
881 4195 1112 4272 ἐπιτετηδευκὼς
1143 4198 1175 4260 δὲ
1205 4196 1258 4262 τὰς
1284 4204 1345 4261 τῶν

193 4297 323 4374 Περσῶν
353 4294 482 4368 ἐσθῆτος
519 4296 626 4374 φορεῖν
655 4291 704 4358 καὶ
735 4295 888 4378 Περσικάς
918 4299 1064 4379 τραπέζας
1094 4299 1344 4380 παρατεθειμένος

191 4398 380 4470 πολυτελεῖς,
396 4395 435 4461 ῶς
451 4396 519 4463 ἔθος
535 4397 668 4465 ἐκείνοις.

236 4527 269 4580 4.
291 4513 346 4581 Id.
363 4512 409 4580 vi.
423 4514 475 4603 (F.
493 4514 537 4583 H.
554 4515 592 4583 G.
609 4539 640 4584 v.
655 4538 688 4604 p.
710 4514 761 4604 9):
788 4520 1019 4601 Λακεδαιμόνιοι
1040 4519 1084 4601 δέ,
1101 4522 1284 4589 ἀκούσαντες
1306 4522 1343 4587 τά
