3000 5046
195 381 258 443 350
513 362 600 422 THE
627 362 838 422 WESTERN
861 362 1039 422 GREEKS.
1184 372 1350 437 [clam

525 653 592 719 His
612 653 781 719 Medicina
796 653 876 721 ,αυά
897 653 1021 738 Μαρία.

242 803 312 860 178.
336 790 433 878 Diog.
449 792 556 857 Laert.
570 792 642 857 viii.
659 792 718 872 58:
741 787 824 870 Φησὶ
846 793 879 855 δὲ
901 788 1035 873 Σάτυρος
1057 793 1091 855 έν
1113 798 1176 859 τοῖς
1197 793 1280 871 βίοις
1303 791 1352 856 δτι

200 899 249 962 καὶ
271 899 371 979 ίατρὸς
392 895 430 974 ῆν
452 900 501 962 καὶ
522 895 621 979 ῥήτωρ
642 897 775 980 ἀριστος.
799 941 835 960 ..
858 942 865 958 .
888 891 958 982 (59)
980 899 1085 959 τοῦτον
1106 891 1174 985 (τδν
1195 895 1350 960 Ἀπολλό-

198 998 307 1084 δωρθν)
328 1007 427 1082 φησιν
449 1002 466 1064 ὁ
488 999 621 1082 Σάτυρος
643 1000 747 1082 λέγειν
773 998 813 1066 ὣς
839 997 927 1065 αδτδς
954 998 1060 1081 παρείη
1082 999 1124 1083 τῷ
1146 997 1355 1078 Ἐμπεδοκλεῖ

198 1103 382 1187 γοητεύοντι.
437 1102 519 1167 ἀλλά
545 1101 593 1168 καὶ
619 1104 708 1168 αδτδν
733 1106 784 1167 διδ
812 1107 873 1167 τῶν
899 1101 1073 1182 ποιημάτων
1103 1102 1352 1186 ἐπαγγέλλεσθαι

198 1209 288 1272 τοῦτό
301 1233 334 1272 τε
349 1204 398 1272 καὶ
414 1207 497 1271 ἀλλα
511 1208 617 1286 πλείω,
632 1206 669 1271 δι’
686 1209 729 1271 ὧν
743 1206 832 1288 φησί·

307 1309 454 1392 Φάρμακα
476 1310 501 1374 δ’
524 1313 606 1374 ὅσσα
627 1314 737 1395 γεγῖισι
760 1317 860 1375 κακῶν
882 1308 930 1375 καί
953 1309 1063 1393 γήραος
1086 1311 1193 1393 ἀλκαρ.

241 1430 332 1497 Ibid.
351 1447 401 1514 77.
447 1430 508 1496 See
521 1431 627 1497 above
642 1442 709 1498 177.
755 1429 806 1495 Os.
824 1431 908 1496 Plin
924 1430 967 1496 N.
983 1431 1027 1496 H.
1043 1452 1126 1495 xxx.
1145 1449 1173 1498 1.
1191 1452 1220 1516 9.

242 1535 362 1600 Suidas
377 1535 596 1618 Ἐμπεδοκλῆς.
643 1536 705 1601 See
719 1534 826 1601 below
840 1544 912 1602 187.

645 1732 714 1798 His
734 1733 899 1800 Βάοίονίο.

241 1866 311 1924 178.
334 1853 431 1942 Diog.
447 1854 553 1921 [norb.
568 1855 641 1921 viii.
653 1871 712 1939 57:
735 1855 950 1937 Ἀριστοτέλης
964 1856 990 1922 δ’
1005 1858 1039 1923 έν
1052 1859 1094 1945 τῷ
1114 1859 1254 1945 Σοφιστῇ
1268 1860 1351 1942 φησὶ

198 1968 317 2029 πρῶτον
336 1959 543 2040 Ἐμπεδοκλέα
561 1961 719 2045 ῥητορικὴν
742 1963 847 2042 εὑρεῖν,
871 1960 997 2042 Ζῆνωνα
1016 1962 1050 2028 δέ
1070 1962 1270 2044 διαλεκτικήν.
1315 1967 1351 2029 έν

198 2069 231 2133 δέ
253 2067 297 2154 τηῖ
317 2064 385 2150 περὶ
411 2074 544 2146 ποιητῶν
572 2065 669 2150 φησὶν
696 2069 742 2131 θτι
769 2065 817 2131 καὶ
842 2066 1004 2150 Ὀμηρικδς
1027 2072 1044 2133 ἀ
1064 2070 1273 2149 Ἐμπεδοκλῆς
1298 2071 1352 2136 καὶ

198 2171 297 2239 δεινδς
318 2168 387 2252 περὶ
408 2172 464 2251 τὴν
485 2170 602 2253 φράσιν
624 2171 742 2254 γέγονε,
758 2173 959 2253 μεταφορικδς
975 2173 1002 2238 τ’
1019 2172 1062 2238 δν
1083 2177 1133 2240 καὶ
1154 2180 1218 2242 τοῖς
1239 2174 1352 2243 ἀλλοις

198 2281 262 2343 τοῖς
277 2277 345 2357 περὶ
357 2275 514 2356 ποιητικὴν
525 2276 723 2359 ἐπιτεύγμασι
742 2275 905 2358 χρώμενος.
949 2276 1020 2366 (58)
1045 2275 1123 2367 [See
1137 2277 1243 2344 above
1258 2274 1348 2368 m]

198 2384 326 2464 Γοργίαν
345 2386 419 2463 γοῦν
439 2386 492 2445 τδν
511 2384 675 2444 Λεοντῖνον
696 2379 786 2443 αιἰτοῢ
812 2380 955 2462 γενέσθαι
976 2380 1122 2463 μαθητήν,
1141 2382 1233 2466 ἀνδρα
1256 2385 1349 2466 θπερ·

199 2484 310 2566 έχοντα
325 2487 358 2549 έν
371 2484 512 2570 ῥητορικῇ
524 2483 572 2546 καὶ
587 2483 697 2568 τέχνην
708 2485 945 2549 ἀπολελοιπότα·
961 2487 997 2550 δν
1009 2492 1107 2567 φησιν
1115 2487 1351 2572 Ἀπολλόδωρος

198 2590 233 2653 έν
247 2592 406 2670 Χρονικοῖς
422 2586 510 2652 έννέα
525 2587 599 2668 πρὸς
613 2592 676 2654 τοῖς
692 2587 799 2652 ἑκατὸν
814 2589 864 2666 ίτη
878 2595 999 2666 βιῶναι.

242 2718 316 2774 180.
340 2705 431 2772 Sext.
458 2707 553 2792 Emp.
580 2707 655 2773 adv.
674 2706 791 2792 Βοριιι.
819 2709 841 2772 i.
869 2710 907 2772 6:
932 2707 1141 2791 Ἐμπεδοκλέα
1166 2715 1221 2795 μὲν
1245 2715 1304 2797 γδρ
1331 2715 1349 2778 δ

196 2812 411 2894 Ἀριστοτέλης
438 2809 516 2894 φησὶ
539 2819 658 2893 πρῶτον
682 2814 841 2896 ῥητορικὴν
867 2815 1060 2894 κεκινηκέναι,
1084 2815 1120 2896 ῆς
1145 2816 1350 2900 ἀντίστροφον

198 2917 348 2996 εἶναιτὴν
367 2915 558 2994 διαλεκτικήν
577 2964 584 2978 .
604 2965 611 2978 .
632 2965 640 2981 .
659 2917 849 2996 Παρμενίδης
868 2921 901 2982 δὲ
919 2918 972 2981 οὔκ
992 2917 1031 2984 ἀν
1050 2918 1136 2999 δόξαι
1154 2924 1208 3001 τῆς
1227 2926 1349 2985 διαλεκ·

196 3024 281 3100 τικῆς
295 3022 423 3102 ἀπείρως
438 3020 530 3104 ἔχειν,
546 3021 669 3102 έπείπερ
684 3021 777 3085 πάλιν
790 3017 1006 3100 Ἀριστοτέλης
1025 3021 1078 3089 τὸν
1096 3024 1245 3107 γνῶριμον
1259 3025 1350 3089 αιἰτοΰ

197 3122 323 3202 Ζήνωνα
337 3127 524 3201 διαλεκτικῆς
539 3124 673 3208 ἀρχηγὸν
687 3125 867 3205 ὑπείληφεν.

240 3255 309 3308 181.
331 3241 428 3329 Diog.
448 3243 552 3309 Ιιαθιί.
568 3243 613 3308 ix.
632 3260 689 3328 25:
713 3246 796 3324 Φησὶ
812 3243 837 3310 δ’
857 3245 1074 3326 Ἀριστοτέλης
1095 3251 1128 3312 έν
1149 3251 1190 3334 τῷ
1208 3247 1350 3335 Σοφιστῇ

196 3347 319 3428 εὑρετὴν
349 3348 440 3412 αὐτὸν
468 3346 552 3432 (scil.
583 3348 636 3413 τὸν
666 3344 806 3434 Ζήνωνα)
838 3349 984 3432 γενέσθαι
1017 3354 1214 3430 διαλεκτικῆς,
1243 3353 1349 3434 ὥσπερ

193 3450 403 3534 Ἐμπεδοκλέα
423 3453 590 3533 ῥητορικῆς.

238 3582 311 3637 182.
335 3570 476 3651 Quintil.
495 3569 580 3636 Ιιιοί.
597 3571 654 3637 Or.
669 3571 716 3636 1ii.
736 3593 763 3638 1.
781 3575 819 3637 8:
842 3571 929 3637 Nam
945 3573 1072 3658 pn‘mus
1091 3579 1169 3661 post
1186 3597 1250 3650 eos,
1264 3596 1349 3661 quos

193 3681 310 3760 poetae
320 3673 536 3749 tradiderunt,
549 3676 690 3741 movisse
701 3675 812 3761 aliqua
827 3675 914 3743 cirea
925 3677 1113 3743 rhetoricen
1133 3677 1349 3764 Empedocles

194 3778 325 3845 dicitur.

643 3863 744 3930 Other
771 3865 891 3932 Νοτίου.

238 3996 309 4049 183.
335 3982 433 4069 Diog.
458 3983 565 4050 Laert.
589 3985 658 4052 viii„
681 4002 742 4071 57:
774 3986 833 4052 Καὶ
855 3989 891 4068 δὴ
913 3985 1140 4074 (Αριστοτέλης
1166 3987 1276 4077 φησίν)
1299 3991 1347 4055 ὅτι

193 4087 366 4172 γράψαντος
382 4089 472 4152 αὐτοῦ
488 4090 536 4153 καὶ
552 4089 635 4153 ἀλλα
650 4089 802 4170 ποιήματα
815 4092 870 4168 τήν
884 4116 917 4157 τε
932 4098 985 4155 τοῦ
1000 4091 1116 4175 Ξέρξου
1135 4090 1282 4170 διάβοσιν
1297 4097 1347 4160 καὶ

194 4193 353 4274 προοίμιον
383 4193 426 4257 είς
455 4187 650 4271 Ἀπόλλωνα,
677 4191 761 4257 ταῦθ’
785 4195 912 4274 ὕστερον
938 4195 1121 4260 κατέκαυσεν
1150 4195 1270 4276 ἀδελφή
1299 4224 1347 4266 τις

194 4295 284 4360 αιἰτοῦ
305 4290 325 4374 ῆ
348 4293 491 4377 θνγάτηρ,
513 4296 553 4361 ὥς
576 4305 675 4378 φησιν
695 4293 876 4378 Ἱερώνυμος,
900 4304 935 4365 τδ
956 4301 1012 4375 μέν
1038 4301 1196 4381 προοίμιον
1217 4299 1346 4379 ἀκουσα,

193 4396 231 4463 τά
251 4401 284 4464 δέ
308 4400 445 4479 Περσικά
463 4404 654 4479 βουληθεῖσα
674 4405 724 4465 διά
742 4401 777 4466 τδ
798 4402 965 4468 ἀτελείωτα
990 4403 1077 4470 εἶναι.
1123 4399 1192 4490 (58)
1216 4405 1348 4469 καθόλου

192 4501 228 4569 δέ
242 4508 322 4583 φησι
338 4503 388 4566 καὶ
402 4503 566 4590 τραγῳδίας
581 4505 671 4570 αιἰτδν
690 4504 807 4588 γράψαι
829 4505 877 4570 καί
895 4507 1046 4573 πολιτικά·
1068 4503 1269 4590 Ἡρακλείδης
1287 4508 1312 4574 δ’
1328 4512 1346 4575 ὅ
