3000 5046
120 375 235 439 ³043]
301 424 303 428 Α
385 364 479 422 HER
502 364 658 423 ALLIES
682 364 776 422 AND
802 362 1017 423 COLONIES.
1230 380 1269 438 91

166 568 220 624 80.
243 559 359 624 Marm.
376 559 448 624 Par.
464 561 507 641 56
522 557 610 649 (72):
637 557 708 641 Ἀφ’
731 560 766 625 οδ
790 563 954 641 Σοφοκλῆς
975 560 992 622 δ
1017 561 1176 639 Σοφίλλου
1198 559 1215 621 ά
1239 561 1272 623 ἐκ

123 668 270 728 Κολωνοῦ
289 665 409 743 ἐνίκησε
431 667 582 750 τραγωδίη
594 666 670 730 ἐτῶν
690 664 733 729 δν
756 662 903 743 ΔΔΙἾΙΙί,
918 664 970 742 έτη
994 661 1105 740 ΗΗΓΙί,
1127 662 1273 746 άρχοντος

122 765 271 847 Ἀθήνησι
286 765 491 850 Ἀφηφίονος.

609 913 783 1001 Karystos.

167 1059 218 1116 37.
241 1048 343 1115 Thuo.
358 1049 380 1113 i.
397 1048 447 1133 98.
465 1069 508 1135 33
530 1049 587 1115 vii.
603 1065 655 1135 57.
675 1072 717 1132 43
739 1050 822 1116 Hdt.
837 1050 885 1115 ix.
904 1066 976 1136 105.

166 1188 221 1244 3⁸.
243 1177 278 1242 O.
293 1177 324 1242 I.
340 1178 384 1243 A.
399 1177 421 1242 i.
437 1198 521 1258 402:
554 1176 738 1261 Ἑρμόλυκος
757 1177 763 1266 Ι
783 1178 961 1263 Διειτρέφος
981 1177 986 1264 1
1006 1176 1151 1260 άπαρχέν.
1171 1188 1176 1263 Ι
1197 1182 1273 1260 Κρε-

124 1285 215 1350 σι’λας
234 1282 240 1368 Ι
260 1283 398 1348 έπόεσεν.
443 1281 505 1349 See
521 1282 825 1351 Kirohhoffsnote.
870 1282 1141 1367 Cf.Paus.i.23.
1165 1300 1211 1346 10.

513 1513 710 1602 Κοιγοίίου
734 1513 879 1581 Τνὶδαίο.

169 1662 224 1717 39.
248 1651 282 1716 0.
298 1651 427 1719 1.A.i.
446 1674 517 1738 229.
534 1651 686 1742 (i.)11b.
733 1651 794 1717 See
810 1663 858 1717 11.
876 1665 909 1718 4.

168 1756 202 1821 0.
218 1755 249 1820 I.
265 1757 308 1821 A.
324 1757 346 1822 i.
365 1777 437 1843 230.
454 1757 528 1846 (iv.)
545 1777 586 1823 20
601 1759 633 1822 b.
679 1756 740 1824 See
755 1768 804 1822 11.
819 1770 850 1823 5.

169 1859 203 1924 0.
219 1860 250 1924 I.
268 1861 348 1927 Ax.
368 1881 439 1947 233.
455 1859 518 1950 (ii.)
534 1884 554 1946 9
569 1864 601 1927 b.
647 1862 708 1928 See
723 1872 771 1927 11.
788 1874 831 1951 0.

170 1966 203 2029 0.
221 1965 251 2029 1.
268 1965 310 2030 A.
327 1965 349 2030 i.
365 1986 384 2033 2
387 1985 439 2052 37.
455 1965 516 2057 (v.)
533 1986 583 2032 20.
630 1967 691 2032 See
705 1977 753 2031 11.
770 1978 819 2031 12.

636 2179 759 2246 Νωαοιι.

169 2328 226 2384 40.
249 2318 350 2384 Τδαα
366 2319 387 2384 i.
404 2321 456 2402 98.
472 2341 516 2401 4;
542 2334 613 2405 137.
631 2338 661 2385 2.

171 2457 222 2512 41.
245 2447 304 2512 Ar.
319 2448 412 2534 Vosp.
425 2463 509 2534 354:

136 2555 204 2615 XO.
216 2553 367 2632 μέμνησαι
383 2553 458 2633 δῆθ’,
475 2554 518 2618 ὅτ’
533 2551 582 2618 ἐπὶ
599 2556 742 2635 στρατιάς
757 2552 875 2636 κλέψας
892 2556 965 2618 ποτὲ
980 2553 1049 2622 τοὺς
1064 2555 1248 2636 ὀβελίσκους

214 2658 270 2723 ίεις
293 2664 405 2721 σαυτὸν
429 2658 504 2722 κατὰ
527 2664 579 2722 τοῦ
602 2658 721 2740 τείχους
743 2656 867 2742 ταχέως,
889 2658 940 2724 ὅτε
962 2658 1066 2739 Νάξος
1082 2659 1162 2723 έάλω
1174 2685 1185 2734 ,·

170 2758 257 2824 Plut.
272 2759 350 2825 Per.
365 2760 411 2825 xi.
457 2761 519 2827 See
533 2749 641 2827 below
656 2770 697 2826 V.
714 2773 769 2826 89.

542 2975 605 3042 The
627 2976 856 3062 Eurymedon.

173 3124 227 3177 42.
250 3113 351 3181 Thue.
366 3115 389 3178 i.
408 3134 480 3179 100.
499 3136 526 3179 1.

173 3253 230 3309 4³.
252 3243 340 3310 Plut.
363 3244 450 3310 cim.
471 3264 529 3310 12:
557 3245 615 3310 Καὶ
635 3244 696 3326 μην
715 3242 805 3307 αὐτοῦ
829 3268 866 3325 γε
890 3247 943 3307 τοῦ
963 3243 1098 3326 μεγάλου
1120 3242 1278 3322 βασιλέως

129 3346 226 3414 οὐδεὶς
241 3350 425 3415 ἐταπείνωσε
440 3351 490 3414 καί
510 3349 687 3415 συνέστειλε
701 3347 736 3411 τὸ
752 3347 892 3429 φρόνημα
905 3350 1025 3427 μᾶλλον
1042 3345 1061 3425 ἣ
1085 3346 1197 3428 Κίμων.
1242 3345 1277 3411 οὗ

130 3451 188 3533 γὰρ
211 3453 321 3530 άνῆκεν
339 3455 371 3516 ἐκ
396 3455 450 3531 τῆς
471 3451 622 3518 Ἑλλάδος
644 3449 891 3534 ἀπηλλαγμένον,
909 3449 981 3514 ἀλλ’
1003 3451 1107 3531 ὥσπερ
1130 3451 1162 3513 ἐκ
1186 3450 1278 3517 ποδὸς

130 3557 255 3636 διώκων,
271 3554 341 3637 πρὶν
355 3562 529 3623 διαπνεῦσαι
545 3559 594 3620 καὶ
616 3559 725 3635 στῆναι
745 3554 813 3621 τοὺς
830 3553 1016 3636 βαρβάρους,
1032 3556 1070 3617 τδ
1086 3555 1143 3634 μὲν
1157 3553 1278 3635 ἐπόρθει

131 3657 179 3723 καί
195 3659 428 3742 κατεστρέφετο,
443 3664 481 3724 τδ
495 3663 528 3726 δέ
549 3659 665 3740 άφίστη
687 3657 735 3723 καὶ
755 3656 926 3740 προσήγετο
944 3661 1007 3724 τοῖς
1017 3656 1183 3736 Ἕλλησιν,
1198 3658 1279 3722 ὥστε

130 3763 186 3842 την
201 3764 252 3827 ἀπ’
267 3761 383 3831 ’ίωνίος
398 3764 508 3830 Ἀσίαν
522 3765 594 3849 άχρι
608 3765 794 3845 Παμφυλίας
810 3762 984 3827 παντάπασι
1000 3766 1160 3843 Περσικῶν
1174 3760 1280 3824 ὅπλων

131 3869 293 3948 ἐρημῶσαι
329 3869 504 3948 Πυθόμενος
518 3871 551 3932 δὲ
567 3866 637 3935 τοὺς
652 3869 807 3938 Βασιλέως
824 3865 1007 3949 στρατηγοὺς
1020 3864 1143 3949 μεγάλῳ
1161 3864 1280 3950 στρατφ

132 3969 181 4035 καί
211 3975 301 4037 ναυσὶ
326 3978 457 4039 πολλοῖς
484 3973 657 4054 ἐφεδρεύειν
688 3969 757 4053 περὶ
788 3971 986 4050 Παμφυλίαν,
1014 3967 1062 4033 καὶ
1091 3971 1280 4049 βουλόμενος

131 4075 230 4142 αιἰτοῖς
245 4075 363 4141 ἄπλουν
378 4074 428 4140 καὶ
445 4075 617 4157 ἀνέμβατον
632 4076 712 4143 ὅλως
726 4076 784 4139 ὑπὸ
800 4076 903 4155 φόβου
917 4073 973 4153 την
993 4073 1077 4139 ἐντὸς
1092 4074 1280 4137 Χελιδονίων

132 4178 320 4258 ποιήσασθαι
351 4179 513 4259 θάλατταν,
543 4181 683 4262 ὥρμησεν
712 4178 785 4259 δρας
817 4177 877 4242 άπδ
908 4177 1016 4243 Κνίδου
1051 4177 1100 4241 καὶ
1134 4177 1280 4257 Τριοπίου

133 4285 298 4351 διακοσίαις
313 4282 457 4366 τριήρεσι,
473 4284 547 4366 πρὸς
561 4287 617 4366 μὲν
638 4283 731 4367 τάχος
746 4280 798 4348 άπ’
817 4284 913 4366 ἀρχῆς
936 4280 986 4346 καὶ
1009 4279 1199 4363 περιαγωγὴν
1220 4279 1280 4344 ὖπδ

134 4386 379 4467 Θεμιστοκλέους
393 4387 501 4469 δριστα
518 4387 815 4468 κατεσκευασμέναις,
831 4389 944 4453 ἐκεῖνος
959 4387 992 4450 δέ
1011 4386 1080 4450 τότε
1101 4381 1150 4448 καί
1166 4389 1280 4447 πλατυ-

132 4490 217 4571 τέρος
242 4491 387 4570 ἐποίησεν
404 4493 494 4560 οὐτδς
516 4488 566 4556 καὶ
587 4490 734 4573 διάβασιν
751 4495 814 4558 τοῖς
835 4489 1086 4572 καταστρώμασιν
1106 4488 1224 4566 ἔδωκεν,
1241 4486 1281 4554 ὣς
