3000 5046
229 358 290 437 34⁶
544 358 630 417 THE
658 355 868 417 WESTERN
891 354 1068 421 GREEKS.
1222 363 1387 430 [oum

231 551 287 618 εἴθ’
301 554 430 634 ὑποβάς·

447 659 488 720 Οί
510 655 535 721 δ’
561 657 750 736 ἱστοροῦντες
773 653 813 723 ὧς
835 655 994 736 πεφευγὼς
1017 657 1135 720 οῖκοθεν

448 762 491 827 είς
513 760 567 828 τὰς
586 760 778 840 Συρακούσας
798 757 862 839 μετ’
885 759 1008 823 ἐκείνων
1028 757 1172 838 ἐπολέμει

446 870 522 944 πρδς
543 862 611 930 τοὺς
632 860 836 941 Ἀθηναίους·
853 895 868 911 ·
886 863 1008 945 ἀγνοεῖν

447 966 558 1034 τελέως
580 967 647 1045 ἐμοὶ
670 971 819 1030 δοκοῦσιν·
850 962 944 1048 ἣγδρ
958 965 1054 1030 οὐκέτ’
1069 963 1107 1046 ην

448 1067 467 1149 ἢ
490 1076 646 1135 παντελῶς
667 1069 922 1152 ὑπεργεγηρακώς,
943 1069 1019 1150 ὅπερ

449 1174 483 1237 οὗ
498 1175 645 1255 φαίνεται.

230 1275 447 1357 Ἀριστοτέλης
476 1275 533 1360 γὰρ
562 1276 662 1357 αὐτόν,
689 1277 733 1340 ἐτι
757 1273 783 1340 δ’
803 1272 1005 1358 Ἡρακλείδης
1029 1273 1174 1355 ἑξήκοντα
1199 1276 1275 1340 ἐτών
1303 1277 1386 1356 φησί

231 1380 485 1459 τετελευτηκέναι.
528 1382 544 1443 ὁ
575 1382 608 1445 δέ
640 1381 697 1460 τὴν
726 1380 847 1462 πρώτην
876 1381 925 1444 καὶ
957 1379 1184 1459 ἑβδομηκοστὴν
1210 1378 1386 1457 ὀλυμπιάδα

231 1484 393 1562 νενικηκὸς
420 1483 525 1563 κέλητι
547 1484 654 1548 τούτου
679 1483 802 1549 πάππος
824 1481 862 1562 ἦν
883 1483 1046 1562 ὁμώνυμος,
1070 1481 1145 1546 ὅσθ’
1167 1481 1229 1563 άμα
1254 1482 1305 1546 καί
1330 1487 1387 1546 τὸν

230 1587 342 1669 χρόνον
364 1589 423 1652 ὖπδ
447 1592 499 1652 τοῦ
521 1586 756 1668 Ἀπολλοδώρου
783 1588 993 1666 σημαίνεσθαι.
1037 1582 1109 1673 (53)
1132 1632 1140 1650 .
1164 1633 1172 1648 .
1195 1586 1387 1668 ,Τηλαύγης

231 1687 258 1755 δ’
280 1692 297 1753 ό
322 1692 501 1774 Πυθαγόρου
530 1697 601 1758 παῖς
628 1693 662 1755 ἐν
687 1687 725 1777 τῇ
748 1697 823 1770 πρὸς
853 1691 1012 1755 Φιλόλαον
1040 1691 1188 1776 ἐπιστολῇ
1219 1689 1300 1770 φησὶ
1329 1695 1388 1753 τὸν

230 1792 442 1875 Ἐμπεδοκλέα
455 1791 638 1880 Ἀρχινόμου
659 1795 736 1859 εἶναι
758 1794 825 1858 υἱόν
846 1787 915 1881 (54)
938 1795 984 1858 ότι
1000 1793 1026 1859 δ’
1043 1792 1081 1873 ἦν
1095 1791 1329 1876 Ἀκραγαντῖνος
1351 1795 1388 1857 ἐκ

233 1899 383 1978 Σικελίας,
398 1899 487 1965 αὐτὸς
502 1899 703 1982 ἐναρχόμενος
718 1903 777 1962 τῶν
793 1901 960 1978 Καθαρμῶν
975 1898 1082 1979 φησίν·

359 2002 404 2066 Ὠ
426 2005 513 2085 φίλοι
536 2003 564 2068 οῖ
585 2002 664 2086 μέγα
685 2001 763 2067 άστυ
786 2000 859 2066 κατὰ
881 2001 993 2082 ξανθοῦ
1013 2001 1217 2086 Ἀκράγαντος

364 2108 456 2173 ναίετ’
479 2107 524 2172 δυ’
548 2108 624 2191 άκρα
647 2107 767 2172 πόλευς.

233 2212 282 2275 καὶ
298 2211 334 2274 τὰ
349 2214 404 2291 μὲν
419 2209 485 2292 περὶ
501 2211 673 2295 τοῦγένους
690 2211 778 2275 αὐτοῦ
795 2209 875 2275 τάδε.
914 2211 1041 2274 ἀκοῦσαι
1056 2207 1081 2275 δ’
1096 2208 1185 2275 αιἰτδν
1204 2208 1389 2293 Πυθαγόρου

231 2317 359 2397 Τίμαιος
378 2315 427 2380 διὰ
449 2318 501 2394 τῆς
523 2315 630 2394 ἐνάτης
653 2317 780 2395 ίστορεῖ,
794 2315 895 2397 λέγων
916 2315 963 2378 ὅτι
985 2310 1207 2397 καταγνωσθεὶς
1225 2308 1274 2376 ἐτί
1290 2318 1389 2395 λογσ·

233 2419 344 2502 κλοπίη
373 2422 452 2497 τότε,
483 2418 560 2482 καθὰ
591 2421 640 2482 καὶ
670 2419 811 2495 Πλάτων,
840 2425 900 2482 τῶν
931 2419 1034 2500 λόγων
1069 2416 1202 2495 ἐκωλύθη
1231 2416 1388 2501 μετέχειν.

232 2524 404 2602 μεμνῆσθαι
419 2525 451 2586 δέ
469 2525 518 2586 καὶ
533 2524 623 2587 αὐτὸν
637 2523 818 2605 Πυθαγόρου
831 2522 972 2604 λέγοντα·

404 2623 468 2690 Ἦν
491 2624 525 2689 δέ
546 2650 591 2691 τις
613 2627 646 2690 ἐν
671 2626 815 2690 κείνοισιν
837 2626 912 2705 ώνῆρ
933 2625 1081 2706 περιώσια
1104 2625 1198 2700 είδώς,

408 2727 442 2795 δς
464 2729 499 2808 δὴ
522 2728 671 2808 μήκιστον
693 2731 850 2810 πραπίδων
873 2728 1020 2808 ἐκτήσατο
1043 2733 1186 2793 πλοῦτον.

234 2833 264 2894 οί
280 2833 312 2895 δέ
327 2837 414 2895 τοῦτο
431 2833 474 2898 είς
494 2834 684 2914 Παρμενίδην
700 2832 789 2896 αὐτὸν
804 2831 908 2916 λέγειν
923 2833 1121 2913 ἀναφέροντα.
1165 2829 1235 2917 (55)
1257 2828 1335 2911 φησὶ
1351 2836 1388 2897 δὲ

235 2932 372 3008 Νεάνθης
403 2935 450 2999 ότι
484 2935 573 3017 μέχρι
608 2936 766 3000 Φιλολάου
795 2934 844 3000 καί
874 2935 1113 3017 Ἐμπεδοκλέους
1147 2935 1324 2999 ἐκοινώνουν
1353 2937 1388 2997 οῖ

235 3040 439 3120 Πυθαγορικοὶ
468 3043 529 3102 τῶν
555 3040 667 3121 λόγων.
713 3037 776 3102 ἐπεὶ
804 3039 830 3102 δ’
855 3039 943 3107 αὐτὸς
973 3037 1023 3103 διὰ
1051 3042 1104 3119 τῆς
1132 3037 1282 3117 ποιήσεως
1314 3041 1387 3116 ἐδη-

233 3141 385 3219 μοσίωσεν
400 3141 483 3220 αθτά,
500 3143 592 3220 νόμον
613 3144 718 3207 ἔθεντο
734 3145 840 3221 μηδενὶ
853 3144 1040 3223 μεταδώσειν
1054 3141 1187 3228 ἐποποιῷ
1210 3191 1217 3203 .
1239 3190 1246 3204 .
1272 3188 1280 3204 .
1303 3142 1388 3208 τίνος

232 3244 335 3320 μέντοι
358 3243 385 3326 γ’
410 3244 507 3308 αὐτῶν
529 3243 657 3322 ἤκουσεν
681 3248 698 3308 ὁ
719 3246 937 3327 Ἐμπεδοκλῆς,
962 3246 1015 3309 οὐκ
1040 3246 1114 3310 εἶπε·
1143 3246 1198 3325 τὴν
1221 3243 1277 3328 γὰρ
1300 3270 1387 3325 περι-

234 3347 403 3428 φερομένην
425 3348 499 3430 πρὸς
521 3350 697 3431 Τηλαύγους
722 3350 889 3429 ἐπιστολὴν
918 3350 964 3413 ὅτι
986 3349 1135 3433 μετέσχεν
1155 3347 1305 3413 Ἱππάσου
1336 3347 1388 3412 καὶ

234 3451 402 3531 Βροντίνου,
418 3452 459 3534 μὴ
478 3453 554 3517 εἶναι
574 3451 761 3532 ἀξιόπιστον·
794 3455 811 3516 ὁ
833 3457 864 3517 δὲ
882 3456 1084 3535 Θεόφραστος
1101 3455 1289 3534 Παρμενίδου
1306 3451 1387 3532 φησὶ

235 3555 372 3634 ζηλωτὴν
395 3557 484 3621 αὐτὸν
512 3555 656 3638 γενέσθαι
683 3558 732 3620 καὶ
757 3558 888 3637 μιμητὴν
914 3559 947 3623 ἐν
970 3561 1033 3624 τοῖς
1059 3555 1215 3636 ποιήμασι·
1251 3553 1299 3619 καὶ
1327 3555 1386 3636 γὰρ

234 3660 349 3722 ἐκεῖνον
365 3659 398 3722 ἐν
413 3659 500 3724 ἐπεσι
515 3660 568 3723 τὸν
583 3657 650 3739 περί
666 3663 788 3740 φύσεως
804 3661 898 3743 λόγον
913 3660 1090 3742 ἐξενεγκεῖν.
1128 3658 1200 3745 (56)
1210 3657 1386 3741 Ἕρμιππος

234 3758 260 3823 δ’
275 3760 310 3824 οὗ
326 3765 526 3842 Παρμενίδου,
541 3762 737 3843 Ξενοφάνους
759 3765 792 3826 δέ
813 3763 970 3845 γεγονέναι
994 3762 1137 3842 ζηλωτήν,
1153 3761 1176 3849 ᾦ
1194 3760 1243 3827 καί
1263 3768 1386 3827 συνδια-

233 3869 340 3943 τρῖψαι
357 3861 405 3927 καί
419 3864 611 3943 μιμήσασθαι
629 3865 683 3942 τὴν
698 3868 864 3930 ἐποποιίαν
898 3869 1072 3948 ὕστερονδὲ
1088 3872 1150 3934 τοῖς
1166 3870 1386 3948 Πυθαγορικοῖς

234 3967 377 4047 ἐντυχεῖν.
423 3963 606 4046 Ἀλκιδάμας
637 3965 663 4030 δ’
693 3971 726 4031 ἐν
756 3970 796 4054 τῷ
825 3971 944 4056 φυσικῷ
970 3968 1048 4051 φησί
1079 3970 1154 4035 κατὰ
1183 3969 1251 4036 τοὺς
1280 3969 1387 4036 αὐτοὺς

234 4069 361 4149 χρόνους
376 4065 502 4147 Ζήνωνα
525 4067 574 4133 καί
587 4069 797 4149 Ἐμπεδοκλέα
822 4075 948 4137 άκοΰσαι
964 4076 1165 4157 Παρμενίδου,
1187 4074 1241 4137 εἶθ’
1257 4075 1387 4156 ὕστερον

235 4172 443 4255 άποχωρῆσαι,
466 4174 589 4237 καὶτὸν
613 4177 670 4254 μέν
694 4174 820 4255 Ζήνωνα
842 4176 905 4240 κατ’
928 4179 1006 4242 ίδίαν
1029 4180 1255 4259 φιλοσοφῆσαι,
1282 4183 1335 4240 τὸν
1359 4176 1384 4241 δ’

233 4268 438 4356 Ἀναξαγόρου
459 4281 616 4343 διακοῦσαι
636 4274 685 4342 καί
702 4280 888 4359 Πυθαγόρου·
916 4278 965 4346 καί
987 4287 1039 4344 τοῦ
1060 4285 1115 4360 μέν
1137 4284 1193 4361 τὴν
1215 4281 1386 4358 σεμνότητα

236 4376 370 4460 ζηλώσαι
384 4382 438 4442 τοῦ
451 4402 485 4445 τε
498 4381 572 4460 βίου
585 4381 635 4445 καὶ
648 4387 701 4444 τοῦ
716 4380 879 4466 σχήματος,
894 4383 947 4447 τοῦ
963 4386 996 4448 δέ
1014 4384 1069 4463 τὴν
1084 4385 1297 4467 φυσιολογίαν.

278 4504 351 4565 105.
375 4494 473 4588 Diog.
495 4500 604 4568 Laert.
628 4500 699 4570 viii.
727 4518 787 4586 74:
818 4506 894 4584 Περὶ
924 4507 957 4570 δέ
985 4510 1046 4570 τῶν
1074 4508 1150 4571 ἐτῶν
1172 4502 1386 4588 Ἀριστοτέλης
