3000 5046
223 354 284 433 256
632 354 965 413 BIOGRAPHICAL.
1204 364 1208 370 '
1248 361 1377 428 [σιντ.

223 556 282 636 γὰρ
304 559 363 616 τῶν
385 553 453 634 περὶ
471 553 524 616 τὸν
543 552 730 630 Παυσανίαν,
753 551 815 631 δμα
833 553 889 628 μὲν
911 553 953 617 είς
976 553 1104 628 ἀθυμίαν
1125 553 1308 631 ἐμπεσόντες
1327 548 1378 615 καὶ

223 657 409 737 βουλόμενοι
436 660 683 721 συνεπισπᾶσθαι
707 655 774 721 τοὺς
796 654 982 733 Ἀθηναίους,
1006 657 1056 719 ἵνα
1082 655 1118 733 δὴ
1144 656 1185 735 μὴ
1211 657 1297 736 μόνοι
1323 658 1378 734 τῆς

224 764 371 844 αἰσχύνης
394 760 644 833 συναπολαύοιεν,
667 758 728 839 δμα
751 761 784 822 δέ
807 760 835 822 εί
857 757 1059 822 καταλείποιτ’
1083 761 1196 826 ἐκεῖνος
1218 758 1379 839 Ἀθήνησι,

224 864 389 931 δεδοικότες
408 865 449 944 μῆ
471 863 543 946 πρὸς
562 863 667 926 ἅπαντ’
690 863 791 943 ἔχοιεν
811 861 965 941 δύσμαχον
981 846 1216 944 ἀνταγωνιστήν,
1237 859 1378 944 καὶπρὸς

223 969 338 1035 τούτοις
362 970 403 1033 ὧν
423 971 491 1050 περὶ
513 968 565 1031 τὸν
584 972 743 1051 τειχισμὸν
764 965 950 1045 ἐξηπάτηντο
965 970 1225 1045 μνησικακοῦντες,
1247 968 1378 1033 ἀπόντος

225 1077 465 1153 κατηγοροῦντες,
482 1071 600 1134 διώκειν
615 1072 691 1150 μετὰ
706 1076 797 1151 σφῶν
818 1068 966 1145 ἐκέλευον,
981 1071 1127 1155 τεκμηρίῳ
1147 1073 1183 1156 τῇ
1200 1071 1378 1135 Παυσανίου

224 1177 374 1259 μοχθηρίᾳ
387 1173 450 1238 κατ’
467 1176 581 1239 ἐκείνου
601 1175 759 1258 χρεόμενοι.
800 1176 1060 1251 Θεμιστοκλῆςδέ
1081 1180 1141 1238 τῶν
1162 1176 1217 1253 μὲν
1237 1175 1293 1252 τὴν
1311 1177 1377 1239 ἑπι-

224 1278 351 1360 βουλῆν,
366 1285 426 1344 τῦν
445 1281 478 1342 δέ
495 1279 551 1356 τῆν
572 1278 754 1359 προπέτειαν
772 1278 897 1359 ἐφόδιον
912 1277 1031 1354 λαβών,
1048 1277 1256 1358 σοφισάμενος
1272 1280 1377 1360 ὥσπερ

225 1384 324 1449 εἰώθει
347 1384 400 1448 τὸν
423 1380 567 1463 βασιλέα,
593 1383 646 1458 τῆς
672 1382 799 1444 καθόδου
825 1382 880 1458 μέν
906 1379 1105 1461 ἀπεστερήθη,
1127 1382 1204 1467 αὐτῆς
1223 1387 1256 1449 δέ
1279 1385 1378 1464 δρκῦν

226 1487 321 1566 ἔδειξε
337 1486 410 1569 πρὸς
426 1486 549 1551 δπασαν
565 1485 667 1570 τύχην.

269 1618 323 1673 88.
351 1607 476 1682 Oioero‚
501 1606 541 1671 de
567 1604 678 1670 Amic.
709 1605 768 1668 xii.
799 1623 864 1683 42:
908 1603 993 1683 Quis
1023 1603 1141 1670 clarior
1172 1605 1208 1669 in
1239 1605 1378 1672 Graecia

225 1709 464 1776 Themistoclei
488 1709 563 1794 quis
578 1707 761 1792 potentiori
783 1708 843 1794 qui
858 1730 933 1774 oum
949 1707 1129 1794 imperator
1144 1708 1230 1775 bello
1245 1709 1377 1776 Persico

225 1816 384 1880 servitute
400 1813 571 1878 Graeciam
586 1813 766 1886 liberasset,
780 1820 977 1899 propterque
992 1813 1155 1877 invidiam
1170 1813 1206 1877 in
1221 1813 1378 1878 exsilium

225 1919 345 1985 missus
367 1924 461 1995 esset,
479 1917 629 2003 ingratae
652 1916 780 2002 patriae
799 1917 956 1980 iniuriam
978 1937 1046 1982 non
1063 1917 1153 1994 tulit,
1171 1938 1269 2003 quem
1293 1917 1378 1982 ferre

224 2023 351 2089 debuit.
388 2022 467 2088 feeit
487 2020 575 2084 idem
599 2020 687 2106 quod
706 2020 829 2107 viginti
848 2020 945 2086 annis
963 2027 1041 2086 ante
1063 2021 1152 2107 opud
1175 2043 1235 2086 nos
1254 2021 1377 2086 feoeret

225 2126 428 2192 Coriolanus,

270 2260 323 2313 39.
346 2246 510 2311 Eusebius
529 2244 618 2332 (Cer.
637 2244 751 2330 pasch.
776 2264 849 2330 303.
873 2243 926 2332 8):
951 2249 1164 2326 Θεμιστοκλῆς
1188 2248 1230 2313 είς
1255 2244 1378 2328 Πέρσας

226 2353 349 2434 ἐφυγεν.

269 2454 381 2540 (Syrio.
398 2455 473 2540 483.
493 2454 562 2540 13):
588 2458 799 2533 Θεμιστοκλῆς
815 2455 857 2520 είς
874 2454 995 2535 Πέρσας
1013 2452 1122 2536 φεύγει
1141 2458 1189 2518 διδ
1209 2455 1266 2534 τῆν
1286 2453 1377 2533 Ἀθη·

226 2560 317 2624 ναίων
332 2560 445 2636 ἄνοιαν,
461 2557 493 2623 ῦς
510 2559 583 2637 αῐμα
597 2558 705 2638 ταύρου
721 2559 797 2622 πιὼν
813 2559 948 2641 τελευτᾷ.

273 2662 407 2726 Hieron.
424 2660 474 2726 Ol.
492 2678 540 2743 77.
560 2680 573 2723 1
591 2686 598 2724 :
620 2660 857 2726 Themistocles
871 2660 907 2724 in
922 2660 1037 2725 Perses
1054 2660 1150 2746 sugit.
1200 2658 1250 2726 Ol.
1269 2662 1318 2744 78.
1336 2680 1376 2746 3:

226 2764 463 2830 Themistocles
478 2765 597 2830 hausto
613 2766 700 2830 tauri
717 2765 878 2850 sanguine
894 2765 1045 2830 moritur.

270 2869 364 2934 Vers.
381 2869 472 2933 Arm.
489 2867 538 2935 Ol.
557 2886 605 2952 77.
621 2889 658 2934 αι
683 2868 923 2935 Themistocles
938 2869 973 2932 in
989 2869 1104 2934 Perses
1120 2868 1215 2955 sugit.
1261 2867 1312 2932 Ol.
1325 2869 1376 2949 78.

227 2993 265 3058 3:
288 2973 533 3039 Themistocles
548 2980 627 3059 poto
644 2973 733 3038 teuri
748 2973 909 3060 sanguine
924 2972 1018 3038 obiit.
1086 2963 1093 2975 ’

539 3187 806 3253 θίνιυνιςίαηιας
828 3186 866 3272 of
883 3187 933 3253 tlte
956 3186 1064 3254 Τνίαί.

270 3335 328 3391 40.
353 3324 517 3407 Craterus,
538 3325 581 3390 ιὀν
602 3324 678 3391 Leo.
701 3324 833 3391 Ηλείας.
860 3324 907 3390 ed
930 3324 1009 3389 coir.
1034 3324 1163 3407 Photii,
1182 3347 1214 3410 p.
1240 3326 1377 3407 667.12

227 3425 371 3516 (Mulier,
380 3429 415 3493 F.
425 3426 471 3494 H.
483 3431 518 3493 G.
528 3430 563 3494 ii.
571 3432 635 3512 619
642 3427 692 3514 fr.
703 3429 753 3514 5):
774 3434 979 3512 Συνομολογεῖ
989 3434 1020 3493 δὲ
1033 3435 1094 3496 τοῖς
1106 3432 1164 3493 ῦπδ
1174 3430 1377 3511 Θεοφράστου

227 3530 280 3617 (eo.
294 3533 491 3619 λεγομένοις),
503 3536 550 3599 ότι
559 3533 771 3612 Θεμιστοκλέα
781 3532 956 3617 εἰσήγγειλε
968 3532 1042 3597 κατὰ
1053 3535 1203 3615 Κρατερὸν
1215 3535 1377 3614 Λεωβότας

227 3635 432 3716 Ἀλκμαίωνος
446 3636 663 3721 Ἀγραυλῆθεν.

271 3769 321 3822 41.
345 3758 432 3823 Plut.
449 3758 556 3824 Arist.
574 3777 592 3823 2
594 3774 614 3842 5
629 3783 635 3822 :
660 3758 791 3842 Μέγαλα
810 3759 836 3822 δ’
850 3759 940 3823 αὐτοῦ
957 3757 1004 3822 καὶ
1020 3762 1058 3822 τὰ
1073 3764 1147 3839 πρὸς
1163 3757 1378 3837 Θεμιστοκλέα

227 3865 280 3941 τῆς
299 3863 460 3929 ἐπιεικείας
474 3866 596 3942 σημεῖα.
626 3862 816 3954 χρησόμενος
831 3867 889 3946 γὰρ
909 3864 986 3948 αύτῷ
1003 3860 1084 3943 παρὰ
1105 3867 1208 3927 πᾶσαν
1228 3864 1302 3942 ὁμοῦ
1321 3863 1378 3940 τὴν

227 3967 383 4032 πολιτείαν
399 3969 496 4050 ἐχθρῷ
513 3968 561 4029 καὶ
576 3965 612 4029 δι’
627 3968 741 4032 ἐκεῖνον
753 3966 1005 4049 ἐξοστρακισθείς,
1017 3962 1082 4030 ἐπεὶ
1098 3967 1153 4045 τῆν
1167 3966 1259 4044 αὐτὴν
1273 3966 1378 4045 λαβῆν

228 4069 384 4152 παρέσχεν
399 4071 415 4132 ό
432 4069 504 4150 ἀνὴρ
520 4070 553 4134 ἐν
568 4072 649 4155 αίτίᾳ
664 4073 825 4153 γενόμενος
840 4078 913 4153 πρὸς
927 4071 984 4150 τῆν
998 4071 1098 4149 πόλιν,
1111 4070 1162 4133 οῦκ
1178 4069 1378 4148 ἐμνησικάκη-

228 4198 295 4251 σεν,
312 4171 381 4237 ἀλλ’
397 4171 604 4254 Ἀλκμαίωνος
626 4171 674 4238 καί
690 4176 825 4254 Κίμωνος
844 4173 893 4238 καί
915 4181 1041 4239 πολλῶν
1063 4176 1168 4237 ἄλλων
1190 4175 1379 4237 ἐλαυνόντων

229 4274 277 4343 καί
294 4277 536 4359 κατηγορούντων
546 4279 636 4359 μόνος
647 4279 833 4361 Ἀριστείδης
845 4279 904 4343 οὔτ’
918 4277 1047 4359 ἔπραξεν
1058 4278 1118 4343 οὔτ’
1128 4276 1195 4341 εἶπέ
1206 4302 1233 4340 τι
1247 4282 1379 4358 φαῦλον,

228 4376 290 4447 οὔδ’
304 4380 479 4448 όπίλαυσεν
501 4384 610 4466 ἐχθροῦ
631 4388 859 4467 δυστυχοῦντος,
883 4384 986 4465 ὥσπερ
1009 4383 1069 4448 οὐδ’
1092 4383 1282 4463 εὐημεροῦντι
1303 4381 1378 4460 πρό·

228 4508 316 4570 τερον
337 4486 501 4568 ἐφθόνησε.
