<?xml version="1.0" encoding="UTF-8"?>
<!DOCTYPE html PUBLIC "-//W3C//DTD XHTML 1.0 Transitional//EN"
    "http://www.w3.org/TR/xhtml1/DTD/xhtml1-transitional.dtd">
<html xmlns="http://www.w3.org/1999/xhtml" xml:lang="en" lang="en">
 <head>
  <title>
</title>
<meta http-equiv="Content-Type" content="text/html;charset=utf-8" />
  <meta name='ocr-system' content='tesseract 3.04.00' />
  <meta name='ocr-capabilities' content='ocr_page ocr_carea ocr_par ocr_line ocrx_word'/>
</head>
<body>
  <div class='ocr_page' id='page_1' title='image "./sourcesforgreek00hillgoog/sourcesforgreek00hillgoog_0185.png"; bbox 0 0 3000 5046; ppageno 0'>
   <div class='ocr_carea' id='block_1_1' title="bbox 210 315 1371 423">
    <p class='ocr_par' dir='ltr' id='par_1_1' title="bbox 210 315 1371 423">
     <span class='ocr_line' id='line_1_1' title="bbox 210 315 1371 423; baseline -0.003 -17"><span class='ocrx_word' id='word_1_1' title='bbox 210 362 268 423; x_wconf 85' lang='lat'>170</span> <span class='ocrx_word' id='word_1_2' title='bbox 426 344 657 404; x_wconf 74' lang='grc' dir='ltr'>αντσκνκι</span> <span class='ocrx_word' id='word_1_3' title='bbox 683 343 880 408; x_wconf 75' lang='grc' dir='ltr'>Ηιςτοκν,</span> <span class='ocrx_word' id='word_1_4' title='bbox 903 342 961 402; x_wconf 80' lang='grc' dir='ltr'>ον·</span> <span class='ocrx_word' id='word_1_5' title='bbox 980 315 1164 413; x_wconf 76' lang='grc' dir='ltr'>Ατιιενς,</span> <span class='ocrx_word' id='word_1_6' title='bbox 1228 351 1371 418; x_wconf 69' lang='lat' dir='ltr'><strong>[omn.</strong></span> 
     </span>
    </p>
   </div>
   <div class='ocr_carea' id='block_1_2' title="bbox 208 533 1360 722">
    <p class='ocr_par' dir='ltr' id='par_1_2' title="bbox 208 533 1360 722">
     <span class='ocr_line' id='line_1_2' title="bbox 208 533 1360 624; baseline -0.004 -19"><span class='ocrx_word' id='word_1_7' title='bbox 208 538 316 623; x_wconf 81' lang='grc' dir='ltr'>μικράς</span> <span class='ocrx_word' id='word_1_8' title='bbox 338 539 440 624; x_wconf 81' lang='grc' dir='ltr'>μάχας</span> <span class='ocrx_word' id='word_1_9' title='bbox 464 539 513 604; x_wconf 78' lang='grc' dir='ltr'>καί</span> <span class='ocrx_word' id='word_1_10' title='bbox 535 537 780 621; x_wconf 74' lang='grc' dir='ltr'>δκροβολισμοίις</span> <span class='ocrx_word' id='word_1_11' title='bbox 802 536 992 617; x_wconf 86' lang='grc' dir='ltr'>ἐποιήσαντο,</span> <span class='ocrx_word' id='word_1_12' title='bbox 1009 535 1172 619; x_wconf 76' lang='grc' dir='ltr'>ἀξιόλογον</span> <span class='ocrx_word' id='word_1_13' title='bbox 1194 539 1227 601; x_wconf 80' lang='grc' dir='ltr'>δέ</span> <span class='ocrx_word' id='word_1_14' title='bbox 1250 533 1360 617; x_wconf 72' lang='grc' dir='ltr'>πρᾶξιν</span> 
     </span>
     <span class='ocr_line' id='line_1_3' title="bbox 209 644 577 722; baseline -0.011 -13"><span class='ocrx_word' id='word_1_15' title='bbox 209 644 349 722; x_wconf 83' lang='grc' dir='ltr'>οάδεμίαν</span> <span class='ocrx_word' id='word_1_16' title='bbox 364 645 577 709; x_wconf 76' lang='grc' dir='ltr'>συνετέλεσαν.</span> 
     </span>
    </p>
   </div>
   <div class='ocr_carea' id='block_1_3' title="bbox 253 745 559 810">
    <p class='ocr_par' dir='ltr' id='par_1_3' title="bbox 253 745 559 810">
     <span class='ocr_line' id='line_1_4' title="bbox 253 745 559 810; baseline -0.003 0"><span class='ocrx_word' id='word_1_17' title='bbox 253 745 304 810; x_wconf 82' lang='lat' dir='ltr'>cf.</span> <span class='ocrx_word' id='word_1_18' title='bbox 321 745 402 810; x_wconf 73' lang='grc' dir='ltr'>Ηάι.</span> <span class='ocrx_word' id='word_1_19' title='bbox 418 745 489 810; x_wconf 87' lang='lat' dir='ltr'>viii.</span> <span class='ocrx_word' id='word_1_20' title='bbox 506 747 559 810; x_wconf 76' lang='grc' dir='ltr'>όν.</span> 
     </span>
    </p>
   </div>
   <div class='ocr_carea' id='block_1_4' title="bbox 209 860 1360 1140">
    <p class='ocr_par' dir='ltr' id='par_1_4' title="bbox 209 860 1360 1140">
     <span class='ocr_line' id='line_1_5' title="bbox 252 860 1360 953; baseline -0.009 -20"><span class='ocrx_word' id='word_1_21' title='bbox 252 877 326 934; x_wconf 77' lang='grc'><strong>376.</strong></span> <span class='ocrx_word' id='word_1_22' title='bbox 349 866 449 932; x_wconf 78' lang='grc' dir='ltr'>Ατοίι.</span> <span class='ocrx_word' id='word_1_23' title='bbox 471 866 553 933; x_wconf 79' lang='lat' dir='ltr'><strong>Zeit.</strong></span> <span class='ocrx_word' id='word_1_24' title='bbox 575 867 668 950; x_wconf 90' lang='lat'>1879,</span> <span class='ocrx_word' id='word_1_25' title='bbox 687 887 719 953; x_wconf 87' lang='lat' dir='ltr'>p.</span> <span class='ocrx_word' id='word_1_26' title='bbox 738 887 808 951; x_wconf 89' lang='lat'>149,</span> <span class='ocrx_word' id='word_1_27' title='bbox 831 886 864 930; x_wconf 92' lang='lat' dir='ltr'>n.</span> <span class='ocrx_word' id='word_1_28' title='bbox 884 884 945 952; x_wconf 83' lang='lat'>299</span> <span class='ocrx_word' id='word_1_29' title='bbox 960 863 1117 941; x_wconf 75' lang='lat' dir='ltr'>:RoehL</span> <span class='ocrx_word' id='word_1_30' title='bbox 1133 861 1163 926; x_wconf 88' lang='grc' dir='ltr'>Ι.</span> <span class='ocrx_word' id='word_1_31' title='bbox 1182 862 1219 929; x_wconf 78' lang='grc' dir='ltr'>θ.</span> <span class='ocrx_word' id='word_1_32' title='bbox 1236 861 1279 926; x_wconf 83' lang='grc' dir='ltr'>Α.</span> <span class='ocrx_word' id='word_1_33' title='bbox 1296 860 1360 943; x_wconf 80' lang='lat'>548</span> 
     </span>
     <span class='ocr_line' id='line_1_6' title="bbox 209 964 1359 1057; baseline -0.004 -23"><span class='ocrx_word' id='word_1_34' title='bbox 209 969 317 1057; x_wconf 79' lang='lat' dir='ltr'><strong>(lance</strong></span> <span class='ocrx_word' id='word_1_35' title='bbox 331 968 445 1057; x_wconf 66' lang='lat' dir='ltr'>headjz</span> <span class='ocrx_word' id='word_1_36' title='bbox 470 976 572 1035; x_wconf 82' lang='grc' dir='ltr'>Σκῢλα</span> <span class='ocrx_word' id='word_1_37' title='bbox 588 973 648 1036; x_wconf 83' lang='grc' dir='ltr'>άπὸ</span> <span class='ocrx_word' id='word_1_38' title='bbox 663 971 794 1053; x_wconf 88' lang='grc' dir='ltr'>Θουρίου</span> <span class='ocrx_word' id='word_1_39' title='bbox 804 969 994 1051; x_wconf 71' lang='grc' dir='ltr'>Ταρανήτῖνοι</span> <span class='ocrx_word' id='word_1_40' title='bbox 1010 967 1154 1033; x_wconf 84' lang='grc' dir='ltr'>άνέθεκαν</span> <span class='ocrx_word' id='word_1_41' title='bbox 1169 969 1221 1030; x_wconf 87' lang='grc' dir='ltr'>Διὶ</span> <span class='ocrx_word' id='word_1_42' title='bbox 1237 964 1359 1045; x_wconf 88' lang='grc' dir='ltr'>ὈλυΙμ-</span> 
     </span>
     <span class='ocr_line' id='line_1_7' title="bbox 210 1075 424 1140; baseline -0.009 0"><span class='ocrx_word' id='word_1_43' title='bbox 210 1075 273 1140; x_wconf 94' lang='grc' dir='ltr'>πίοι</span> <span class='ocrx_word' id='word_1_44' title='bbox 289 1075 424 1140; x_wconf 80' lang='grc' dir='ltr'>δεκάταν.</span> 
     </span>
    </p>
   </div>
   <div class='ocr_carea' id='block_1_5' title="bbox 254 1192 871 1281">
    <p class='ocr_par' dir='ltr' id='par_1_5' title="bbox 254 1192 871 1281">
     <span class='ocr_line' id='line_1_8' title="bbox 254 1192 871 1281; baseline 0.002 -20"><span class='ocrx_word' id='word_1_45' title='bbox 254 1205 326 1262; x_wconf 73' lang='grc' dir='ltr'>αττ.</span> <span class='ocrx_word' id='word_1_46' title='bbox 349 1193 464 1273; x_wconf 68' lang='lat' dir='ltr'><strong>noem,</strong></span> <span class='ocrx_word' id='word_1_47' title='bbox 481 1194 511 1259; x_wconf 84' lang='lat' dir='ltr'>I.</span> <span class='ocrx_word' id='word_1_48' title='bbox 531 1195 568 1262; x_wconf 80' lang='grc' dir='ltr'>ο.</span> <span class='ocrx_word' id='word_1_49' title='bbox 585 1196 629 1261; x_wconf 84' lang='lat' dir='ltr'>A.</span> <span class='ocrx_word' id='word_1_50' title='bbox 645 1196 709 1281; x_wconf 79' lang='lat'>548</span> <span class='ocrx_word' id='word_1_51' title='bbox 722 1218 742 1261; x_wconf 72' lang='lat' dir='ltr'><strong>a</strong></span> <span class='ocrx_word' id='word_1_52' title='bbox 756 1193 824 1260; x_wconf 80' lang='lat' dir='ltr'>and</span> <span class='ocrx_word' id='word_1_53' title='bbox 838 1192 871 1262; x_wconf 89' lang='lat' dir='ltr'>b.</span> 
     </span>
    </p>
   </div>
   <div class='ocr_carea' id='block_1_6' title="bbox 535 1379 1031 1469">
    <p class='ocr_par' dir='ltr' id='par_1_6' title="bbox 535 1379 1031 1469">
     <span class='ocr_line' id='line_1_9' title="bbox 535 1379 1031 1469; baseline 0.002 -23"><span class='ocrx_word' id='word_1_54' title='bbox 535 1382 760 1450; x_wconf 69' lang='lat' dir='ltr'><em>Fouudation</em></span> <span class='ocrx_word' id='word_1_55' title='bbox 781 1381 820 1469; x_wconf 84' lang='lat' dir='ltr'>os</span> <span class='ocrx_word' id='word_1_56' title='bbox 838 1379 1031 1448; x_wconf 70' lang='grc' dir='ltr'>Ηαναίοίιιλν.</span> 
     </span>
    </p>
   </div>
   <div class='ocr_carea' id='block_1_7' title="bbox 210 1516 1361 2024">
    <p class='ocr_par' dir='ltr' id='par_1_7' title="bbox 210 1516 1361 1918">
     <span class='ocr_line' id='line_1_10' title="bbox 254 1516 1360 1607; baseline -0.008 -19"><span class='ocrx_word' id='word_1_57' title='bbox 254 1531 331 1588; x_wconf 79' lang='lat'><strong>³⁷⁸.</strong></span> <span class='ocrx_word' id='word_1_58' title='bbox 354 1520 452 1587; x_wconf 89' lang='lat' dir='ltr'><strong>Diod.</strong></span> <span class='ocrx_word' id='word_1_59' title='bbox 468 1520 528 1585; x_wconf 89' lang='lat' dir='ltr'><strong>xii.</strong></span> <span class='ocrx_word' id='word_1_60' title='bbox 545 1521 610 1607; x_wconf 79' lang='lat'>36:</span> <span class='ocrx_word' id='word_1_61' title='bbox 640 1517 708 1586; x_wconf 85' lang='grc' dir='ltr'>Ἐπ’</span> <span class='ocrx_word' id='word_1_62' title='bbox 723 1520 870 1606; x_wconf 86' lang='grc' dir='ltr'>άρχοντος</span> <span class='ocrx_word' id='word_1_63' title='bbox 892 1518 918 1584; x_wconf 85' lang='grc' dir='ltr'>δ’</span> <span class='ocrx_word' id='word_1_64' title='bbox 936 1517 1102 1600; x_wconf 86' lang='grc' dir='ltr'>Ἀθήνησιν</span> <span class='ocrx_word' id='word_1_65' title='bbox 1116 1516 1284 1600; x_wconf 75' lang='grc' dir='ltr'>Ἀψεάδσυς</span> <span class='ocrx_word' id='word_1_66' title='bbox 1300 1564 1308 1578; x_wconf 88' lang='grc'><strong>.</strong></span> <span class='ocrx_word' id='word_1_67' title='bbox 1326 1562 1334 1578; x_wconf 90' lang='grc'>.</span> <span class='ocrx_word' id='word_1_68' title='bbox 1352 1563 1360 1579; x_wconf 93' lang='grc'><strong>.</strong></span> 
     </span>
     <span class='ocr_line' id='line_1_11' title="bbox 210 1621 1361 1714; baseline -0.007 -23"><span class='ocrx_word' id='word_1_69' title='bbox 210 1623 276 1714; x_wconf 80' lang='grc'>(4).</span> <span class='ocrx_word' id='word_1_70' title='bbox 290 1674 298 1689; x_wconf 92' lang='grc'>.</span> <span class='ocrx_word' id='word_1_71' title='bbox 312 1674 320 1689; x_wconf 93' lang='grc'>.</span> <span class='ocrx_word' id='word_1_72' title='bbox 334 1624 410 1691; x_wconf 78' lang='grc' dir='ltr'>κατὰ</span> <span class='ocrx_word' id='word_1_73' title='bbox 429 1630 462 1690; x_wconf 82' lang='grc' dir='ltr'>δέ</span> <span class='ocrx_word' id='word_1_74' title='bbox 481 1626 536 1705; x_wconf 79' lang='grc' dir='ltr'>τήν</span> <span class='ocrx_word' id='word_1_75' title='bbox 550 1623 684 1692; x_wconf 90' lang='grc' dir='ltr'>Ἰταλίαν</span> <span class='ocrx_word' id='word_1_76' title='bbox 702 1631 883 1707; x_wconf 86' lang='grc' dir='ltr'>Ταραντῖνοι</span> <span class='ocrx_word' id='word_1_77' title='bbox 902 1625 974 1692; x_wconf 79' lang='grc' dir='ltr'>τοὺς</span> <span class='ocrx_word' id='word_1_78' title='bbox 992 1623 1049 1704; x_wconf 73' lang='grc' dir='ltr'>τὴν</span> <span class='ocrx_word' id='word_1_79' title='bbox 1067 1623 1153 1704; x_wconf 86' lang='grc' dir='ltr'>Σίριυ</span> <span class='ocrx_word' id='word_1_80' title='bbox 1175 1621 1361 1699; x_wconf 81' lang='grc' dir='ltr'>καλουμένην</span> 
     </span>
     <span class='ocr_line' id='line_1_12' title="bbox 211 1720 1360 1811; baseline -0.008 -16"><span class='ocrx_word' id='word_1_81' title='bbox 211 1732 366 1797; x_wconf 77' lang='grc' dir='ltr'>οἰκοῦντας</span> <span class='ocrx_word' id='word_1_82' title='bbox 388 1729 613 1811; x_wconf 87' lang='grc' dir='ltr'>μετοικίσαυτες</span> <span class='ocrx_word' id='word_1_83' title='bbox 637 1733 670 1795; x_wconf 88' lang='grc' dir='ltr'>ἐκ</span> <span class='ocrx_word' id='word_1_84' title='bbox 686 1734 739 1810; x_wconf 82' lang='grc' dir='ltr'>τῆς</span> <span class='ocrx_word' id='word_1_85' title='bbox 755 1729 895 1811; x_wconf 76' lang='grc' dir='ltr'>πατρίδος</span> <span class='ocrx_word' id='word_1_86' title='bbox 910 1729 959 1793; x_wconf 89' lang='grc' dir='ltr'>καὶ</span> <span class='ocrx_word' id='word_1_87' title='bbox 976 1727 1065 1794; x_wconf 78' lang='grc' dir='ltr'>ἰδίους</span> <span class='ocrx_word' id='word_1_88' title='bbox 1080 1725 1263 1809; x_wconf 89' lang='grc' dir='ltr'>προσθέντες</span> <span class='ocrx_word' id='word_1_89' title='bbox 1278 1720 1360 1801; x_wconf 84' lang='grc' dir='ltr'>οίκή-</span> 
     </span>
     <span class='ocr_line' id='line_1_13' title="bbox 211 1831 1065 1918; baseline -0.004 -20"><span class='ocrx_word' id='word_1_90' title='bbox 211 1859 309 1918; x_wconf 86' lang='grc' dir='ltr'>τορας,</span> <span class='ocrx_word' id='word_1_91' title='bbox 325 1834 447 1898; x_wconf 82' lang='grc' dir='ltr'>ἔκτισαν</span> <span class='ocrx_word' id='word_1_92' title='bbox 462 1834 554 1898; x_wconf 92' lang='grc' dir='ltr'>πόλιν</span> <span class='ocrx_word' id='word_1_93' title='bbox 569 1834 623 1911; x_wconf 75' lang='grc' dir='ltr'>τήν</span> <span class='ocrx_word' id='word_1_94' title='bbox 637 1831 858 1914; x_wconf 81' lang='grc' dir='ltr'>ὀνομαζομένην</span> <span class='ocrx_word' id='word_1_95' title='bbox 872 1831 1065 1914; x_wconf 82' lang='grc' dir='ltr'>Ἡράκλειαν.</span> 
     </span>
    </p>

    <p class='ocr_par' dir='ltr' id='par_1_8' title="bbox 257 1934 968 2024">
     <span class='ocr_line' id='line_1_14' title="bbox 257 1934 968 2024; baseline 0 -22"><span class='ocrx_word' id='word_1_96' title='bbox 257 1935 366 2003; x_wconf 80' lang='lat' dir='ltr'>Strab.</span> <span class='ocrx_word' id='word_1_97' title='bbox 383 1935 428 2001; x_wconf 87' lang='lat' dir='ltr'>vi.</span> <span class='ocrx_word' id='word_1_98' title='bbox 448 1955 475 2002; x_wconf 90' lang='lat'>1.</span> <span class='ocrx_word' id='word_1_99' title='bbox 495 1955 535 2015; x_wconf 92' lang='lat'>14</span> <span class='ocrx_word' id='word_1_100' title='bbox 550 1934 650 2024; x_wconf 84' lang='lat'><strong>(264).</strong></span> <span class='ocrx_word' id='word_1_101' title='bbox 696 1935 756 2002; x_wconf 78' lang='lat' dir='ltr'>See</span> <span class='ocrx_word' id='word_1_102' title='bbox 771 1936 876 2003; x_wconf 77' lang='lat' dir='ltr'><strong>above</strong></span> <span class='ocrx_word' id='word_1_103' title='bbox 888 1946 968 2002; x_wconf 74' lang='lat'>³00.</span> 
     </span>
    </p>
   </div>
   <div class='ocr_carea' id='block_1_8' title="bbox 532 2091 1035 2229">
    <p class='ocr_par' dir='ltr' id='par_1_9' title="bbox 532 2091 1035 2229">
     <span class='ocr_line' id='line_1_15' title="bbox 532 2091 1035 2229; baseline -0.002 -23"><span class='ocrx_word' id='word_1_104' title='bbox 532 2141 763 2208; x_wconf 75' lang='lat' dir='ltr'><em>Comtitution</em></span> <span class='ocrx_word' id='word_1_105' title='bbox 785 2141 825 2229; x_wconf 83' lang='lat' dir='ltr'>os</span> <span class='ocrx_word' id='word_1_106' title='bbox 841 2091 1035 2209; x_wconf 75' lang='grc' dir='ltr'>Ηαναίιίάόο.</span> 
     </span>
    </p>
   </div>
   <div class='ocr_carea' id='block_1_9' title="bbox 212 2273 1361 2574">
    <p class='ocr_par' dir='ltr' id='par_1_10' title="bbox 212 2273 1361 2574">
     <span class='ocr_line' id='line_1_16' title="bbox 256 2273 1361 2368; baseline -0.006 -23"><span class='ocrx_word' id='word_1_107' title='bbox 256 2291 332 2346; x_wconf 79' lang='grc'><strong>379.</strong></span> <span class='ocrx_word' id='word_1_108' title='bbox 356 2280 390 2344; x_wconf 82' lang='lat' dir='ltr'>O.</span> <span class='ocrx_word' id='word_1_109' title='bbox 407 2277 437 2343; x_wconf 89' lang='grc' dir='ltr'>Ι.</span> <span class='ocrx_word' id='word_1_110' title='bbox 456 2277 493 2344; x_wconf 76' lang='lat'>6¹.</span> <span class='ocrx_word' id='word_1_111' title='bbox 509 2293 605 2361; x_wconf 83' lang='lat'><em>5774,</em></span> <span class='ocrx_word' id='word_1_112' title='bbox 620 2293 716 2362; x_wconf 84' lang='lat'><em>5775,</em></span> <span class='ocrx_word' id='word_1_113' title='bbox 730 2279 806 2346; x_wconf 79' lang='lat' dir='ltr'><strong>add.</strong></span> <span class='ocrx_word' id='word_1_114' title='bbox 821 2302 854 2368; x_wconf 85' lang='lat' dir='ltr'>p.</span> <span class='ocrx_word' id='word_1_115' title='bbox 875 2297 968 2366; x_wconf 69' lang='lat'>1253„</span> <span class='ocrx_word' id='word_1_116' title='bbox 1014 2278 1150 2345; x_wconf 69' lang='lat' dir='ltr'><strong>Meister</strong></span> <span class='ocrx_word' id='word_1_117' title='bbox 1164 2277 1202 2341; x_wconf 90' lang='lat' dir='ltr'>in</span> <span class='ocrx_word' id='word_1_118' title='bbox 1216 2273 1361 2351; x_wconf 75' lang='lat' dir='ltr'>Curtius,</span> 
     </span>
     <span class='ocr_line' id='line_1_17' title="bbox 212 2377 1360 2470; baseline 0.005 -21"><span class='ocrx_word' id='word_1_119' title='bbox 212 2383 311 2449; x_wconf 67' lang='lat' dir='ltr'><strong><em>Stud.</em></strong></span> <span class='ocrx_word' id='word_1_120' title='bbox 334 2382 379 2446; x_wconf 87' lang='lat' dir='ltr'>iv.</span> <span class='ocrx_word' id='word_1_121' title='bbox 407 2402 471 2466; x_wconf 87' lang='lat'>449</span> <span class='ocrx_word' id='word_1_122' title='bbox 487 2381 522 2445; x_wconf 83' lang='lat' dir='ltr'>ff.</span> <span class='ocrx_word' id='word_1_123' title='bbox 568 2380 896 2461; x_wconf 77' lang='grc' dir='ltr'>Θοαος,1)αί.ι“ιιοστ.</span> <span class='ocrx_word' id='word_1_124' title='bbox 917 2383 981 2470; x_wconf 62' lang='grc' dir='ltr'>μη*</span> <span class='ocrx_word' id='word_1_125' title='bbox 995 2377 1049 2463; x_wconf 76' lang='grc'>46.</span> <span class='ocrx_word' id='word_1_126' title='bbox 1064 2402 1117 2461; x_wconf 87' lang='lat'>41.</span> <span class='ocrx_word' id='word_1_127' title='bbox 1161 2377 1360 2455; x_wconf 69' lang='lat' dir='ltr'><strong>Mazzocehi‚</strong></span> 
     </span>
     <span class='ocr_line' id='line_1_18' title="bbox 215 2484 885 2574; baseline 0.003 -24"><span class='ocrx_word' id='word_1_128' title='bbox 215 2484 363 2551; x_wconf 80' lang='grc' dir='ltr'>Ταίναὶαα</span> <span class='ocrx_word' id='word_1_129' title='bbox 377 2485 616 2564; x_wconf 67' lang='lat' dir='ltr'><strong><em>Heracleam,</em></strong></span> <span class='ocrx_word' id='word_1_130' title='bbox 631 2485 773 2574; x_wconf 82' lang='lat' dir='ltr'><strong>Neapoli</strong></span> <span class='ocrx_word' id='word_1_131' title='bbox 792 2502 885 2571; x_wconf 82' lang='lat'><strong>1754.</strong></span> 
     </span>
    </p>
   </div>
   <div class='ocr_carea' id='block_1_10' title="bbox 546 2690 1031 2760">
    <p class='ocr_par' dir='ltr' id='par_1_11' title="bbox 546 2690 1031 2760">
     <span class='ocr_line' id='line_1_19' title="bbox 546 2690 1031 2760; baseline 0.006 -5"><span class='ocrx_word' id='word_1_132' title='bbox 546 2690 623 2758; x_wconf 79' lang='lat' dir='ltr'>War</span> <span class='ocrx_word' id='word_1_133' title='bbox 644 2693 725 2758; x_wconf 70' lang='lat' dir='ltr'>with</span> <span class='ocrx_word' id='word_1_134' title='bbox 748 2692 799 2759; x_wconf 64' lang='lat' dir='ltr'>the</span> <span class='ocrx_word' id='word_1_135' title='bbox 820 2692 1031 2760; x_wconf 73' lang='grc' dir='ltr'>Ινυοαιιίιιιιο.</span> 
     </span>
    </p>
   </div>
   <div class='ocr_carea' id='block_1_11' title="bbox 214 2827 1363 3125">
    <p class='ocr_par' dir='ltr' id='par_1_12' title="bbox 214 2827 1363 3125">
     <span class='ocr_line' id='line_1_20' title="bbox 257 2827 1362 2917; baseline 0 -21"><span class='ocrx_word' id='word_1_136' title='bbox 257 2841 337 2896; x_wconf 78' lang='lat'><strong>³80.</strong></span> <span class='ocrx_word' id='word_1_137' title='bbox 359 2829 514 2916; x_wconf 82' lang='lat' dir='ltr'><strong>Polyaen.</strong></span> <span class='ocrx_word' id='word_1_138' title='bbox 529 2830 563 2897; x_wconf 85' lang='lat' dir='ltr'>ii.</span> <span class='ocrx_word' id='word_1_139' title='bbox 583 2852 631 2896; x_wconf 92' lang='lat'>10.</span> <span class='ocrx_word' id='word_1_140' title='bbox 649 2850 686 2896; x_wconf 81' lang='lat'>2:</span> <span class='ocrx_word' id='word_1_141' title='bbox 712 2833 914 2913; x_wconf 86' lang='grc' dir='ltr'>Κλεανδρίδας</span> <span class='ocrx_word' id='word_1_142' title='bbox 937 2833 1073 2917; x_wconf 84' lang='grc' dir='ltr'>Θουρίων</span> <span class='ocrx_word' id='word_1_143' title='bbox 1095 2830 1258 2914; x_wconf 85' lang='grc' dir='ltr'>ήγοόμενος</span> <span class='ocrx_word' id='word_1_144' title='bbox 1279 2827 1362 2913; x_wconf 79' lang='grc' dir='ltr'>μάχη</span> 
     </span>
     <span class='ocr_line' id='line_1_21' title="bbox 215 2933 1363 3020; baseline -0.004 -20"><span class='ocrx_word' id='word_1_145' title='bbox 215 2935 340 3013; x_wconf 81' lang='grc' dir='ltr'>νικήσας</span> <span class='ocrx_word' id='word_1_146' title='bbox 361 2937 529 3003; x_wconf 81' lang='grc' dir='ltr'>Λευκανοὺς</span> <span class='ocrx_word' id='word_1_147' title='bbox 552 2939 628 3015; x_wconf 76' lang='grc' dir='ltr'>μετὰ</span> <span class='ocrx_word' id='word_1_148' title='bbox 647 2937 703 3017; x_wconf 80' lang='grc' dir='ltr'>τὴν</span> <span class='ocrx_word' id='word_1_149' title='bbox 717 2938 802 3015; x_wconf 93' lang='grc' dir='ltr'>νίκην</span> <span class='ocrx_word' id='word_1_150' title='bbox 816 2937 872 3020; x_wconf 81' lang='grc' dir='ltr'>ἦγε</span> <span class='ocrx_word' id='word_1_151' title='bbox 886 2936 955 3004; x_wconf 81' lang='grc' dir='ltr'>τοὺς</span> <span class='ocrx_word' id='word_1_152' title='bbox 971 2937 1117 3019; x_wconf 90' lang='grc' dir='ltr'>Θουρίους</span> <span class='ocrx_word' id='word_1_153' title='bbox 1133 2933 1183 3000; x_wconf 81' lang='grc' dir='ltr'>ἐπὶ</span> <span class='ocrx_word' id='word_1_154' title='bbox 1202 2935 1255 2998; x_wconf 85' lang='grc' dir='ltr'>τὸν</span> <span class='ocrx_word' id='word_1_155' title='bbox 1270 2934 1363 2996; x_wconf 90' lang='grc' dir='ltr'>τόπου</span> 
     </span>
     <span class='ocr_line' id='line_1_22' title="bbox 214 3035 1362 3125; baseline -0.005 -20"><span class='ocrx_word' id='word_1_156' title='bbox 214 3043 268 3118; x_wconf 79' lang='grc' dir='ltr'>τῆς</span> <span class='ocrx_word' id='word_1_157' title='bbox 288 3039 369 3118; x_wconf 80' lang='grc' dir='ltr'>νίκης</span> <span class='ocrx_word' id='word_1_158' title='bbox 390 3042 532 3106; x_wconf 80' lang='grc' dir='ltr'>δεικνύων</span> <span class='ocrx_word' id='word_1_159' title='bbox 552 3042 660 3119; x_wconf 80' lang='grc' dir='ltr'>αὐτοῖς,</span> <span class='ocrx_word' id='word_1_160' title='bbox 675 3042 722 3105; x_wconf 86' lang='grc' dir='ltr'>δτι</span> <span class='ocrx_word' id='word_1_161' title='bbox 742 3039 826 3106; x_wconf 78' lang='grc' dir='ltr'>αὐτοὶ</span> <span class='ocrx_word' id='word_1_162' title='bbox 846 3045 903 3122; x_wconf 73' lang='grc' dir='ltr'>μὲν</span> <span class='ocrx_word' id='word_1_163' title='bbox 921 3044 954 3106; x_wconf 86' lang='grc' dir='ltr'>ἐν</span> <span class='ocrx_word' id='word_1_164' title='bbox 974 3045 1013 3125; x_wconf 73' lang='grc' dir='ltr'>τῷ</span> <span class='ocrx_word' id='word_1_165' title='bbox 1037 3041 1117 3123; x_wconf 73' lang='grc' dir='ltr'>αὐτῷ</span> <span class='ocrx_word' id='word_1_166' title='bbox 1137 3039 1291 3119; x_wconf 83' lang='grc' dir='ltr'>μείναντες</span> <span class='ocrx_word' id='word_1_167' title='bbox 1313 3035 1362 3101; x_wconf 79' lang='grc' dir='ltr'>διὰ</span> 
     </span>
    </p>
   </div>
   <div class='ocr_carea' id='block_1_12' title="bbox 214 3143 1364 3328">
    <p class='ocr_par' dir='ltr' id='par_1_13' title="bbox 214 3143 1364 3328">
     <span class='ocr_line' id='line_1_23' title="bbox 214 3143 1362 3226; baseline -0.003 -21"><span class='ocrx_word' id='word_1_168' title='bbox 214 3147 301 3205; x_wconf 83' lang='grc' dir='ltr'>τοῦτο</span> <span class='ocrx_word' id='word_1_169' title='bbox 330 3144 480 3222; x_wconf 84' lang='grc' dir='ltr'>ἐνίκησαν,</span> <span class='ocrx_word' id='word_1_170' title='bbox 495 3147 523 3208; x_wconf 76' lang='grc' dir='ltr'>οἱ</span> <span class='ocrx_word' id='word_1_171' title='bbox 546 3144 688 3226; x_wconf 85' lang='grc' dir='ltr'>πολέμιοι</span> <span class='ocrx_word' id='word_1_172' title='bbox 710 3147 742 3210; x_wconf 81' lang='grc' dir='ltr'>δέ</span> <span class='ocrx_word' id='word_1_173' title='bbox 766 3145 844 3209; x_wconf 77' lang='grc' dir='ltr'>πολὺ</span> <span class='ocrx_word' id='word_1_174' title='bbox 866 3145 916 3210; x_wconf 76' lang='grc' dir='ltr'>ἀπ’</span> <span class='ocrx_word' id='word_1_175' title='bbox 941 3143 1085 3225; x_wconf 86' lang='grc' dir='ltr'>άλλήλων</span> <span class='ocrx_word' id='word_1_176' title='bbox 1108 3146 1256 3209; x_wconf 85' lang='grc' dir='ltr'>πεσόντες</span> <span class='ocrx_word' id='word_1_177' title='bbox 1274 3145 1362 3204; x_wconf 86' lang='grc' dir='ltr'>τοῦτο</span> 
     </span>
     <span class='ocr_line' id='line_1_24' title="bbox 215 3240 1364 3328; baseline 0.003 -23"><span class='ocrx_word' id='word_1_178' title='bbox 215 3241 329 3306; x_wconf 81' lang='grc' dir='ltr'>ἔπαθον</span> <span class='ocrx_word' id='word_1_179' title='bbox 345 3245 385 3328; x_wconf 76' lang='grc' dir='ltr'>τῷ</span> <span class='ocrx_word' id='word_1_180' title='bbox 401 3243 442 3323; x_wconf 77' lang='grc' dir='ltr'>μὴ</span> <span class='ocrx_word' id='word_1_181' title='bbox 456 3243 569 3322; x_wconf 82' lang='grc' dir='ltr'>μένειν,</span> <span class='ocrx_word' id='word_1_182' title='bbox 586 3244 668 3308; x_wconf 77' lang='grc' dir='ltr'>ἀλλὰ</span> <span class='ocrx_word' id='word_1_183' title='bbox 684 3244 877 3310; x_wconf 85' lang='grc' dir='ltr'>διεσπάσθαι.</span> <span class='ocrx_word' id='word_1_184' title='bbox 921 3250 1014 3309; x_wconf 80' lang='grc' dir='ltr'>ταῦτα</span> <span class='ocrx_word' id='word_1_185' title='bbox 1029 3243 1192 3325; x_wconf 82' lang='grc' dir='ltr'>διεξιόντος</span> <span class='ocrx_word' id='word_1_186' title='bbox 1206 3248 1280 3324; x_wconf 85' lang='grc' dir='ltr'>πρὸς</span> <span class='ocrx_word' id='word_1_187' title='bbox 1295 3240 1364 3305; x_wconf 77' lang='grc' dir='ltr'>τοὺς</span> 
     </span>
    </p>
   </div>
   <div class='ocr_carea' id='block_1_13' title="bbox 215 3346 1365 4158">
    <p class='ocr_par' dir='ltr' id='par_1_14' title="bbox 215 3346 1365 4158">
     <span class='ocr_line' id='line_1_25' title="bbox 216 3346 1363 3435; baseline -0.001 -25"><span class='ocrx_word' id='word_1_188' title='bbox 216 3346 369 3427; x_wconf 83' lang='grc' dir='ltr'>Θουρίους,</span> <span class='ocrx_word' id='word_1_189' title='bbox 386 3346 586 3430; x_wconf 72' lang='grc' dir='ltr'>ἐπεφάνησαν</span> <span class='ocrx_word' id='word_1_190' title='bbox 608 3350 637 3412; x_wconf 86' lang='grc' dir='ltr'>οί</span> <span class='ocrx_word' id='word_1_191' title='bbox 659 3351 806 3414; x_wconf 86' lang='grc' dir='ltr'>Λευκανοὶ</span> <span class='ocrx_word' id='word_1_192' title='bbox 824 3348 931 3435; x_wconf 78' lang='grc' dir='ltr'>πολλῷ</span> <span class='ocrx_word' id='word_1_193' title='bbox 946 3349 1073 3413; x_wconf 85' lang='grc' dir='ltr'>πλείονα</span> <span class='ocrx_word' id='word_1_194' title='bbox 1092 3349 1217 3427; x_wconf 83' lang='grc' dir='ltr'>δύναμιν</span> <span class='ocrx_word' id='word_1_195' title='bbox 1241 3347 1363 3429; x_wconf 79' lang='grc' dir='ltr'>ἔχοντες</span> 
     </span>
     <span class='ocr_line' id='line_1_26' title="bbox 215 3449 1363 3536; baseline -0.002 -24"><span class='ocrx_word' id='word_1_196' title='bbox 215 3450 280 3513; x_wconf 79' lang='grc' dir='ltr'>δδέ</span> <span class='ocrx_word' id='word_1_197' title='bbox 296 3451 327 3514; x_wconf 89' lang='grc' dir='ltr'>ἐκ</span> <span class='ocrx_word' id='word_1_198' title='bbox 342 3454 395 3530; x_wconf 80' lang='grc' dir='ltr'>τῆς</span> <span class='ocrx_word' id='word_1_199' title='bbox 411 3451 591 3535; x_wconf 75' lang='grc' dir='ltr'>εὐρυχωρίας</span> <span class='ocrx_word' id='word_1_200' title='bbox 606 3454 638 3519; x_wconf 84' lang='grc' dir='ltr'>ἐς</span> <span class='ocrx_word' id='word_1_201' title='bbox 652 3452 839 3534; x_wconf 85' lang='grc' dir='ltr'>στενόπορον</span> <span class='ocrx_word' id='word_1_202' title='bbox 861 3453 972 3536; x_wconf 85' lang='grc' dir='ltr'>χωρίον</span> <span class='ocrx_word' id='word_1_203' title='bbox 992 3449 1165 3534; x_wconf 71' lang='grc' dir='ltr'>ὑπεξήγαγε</span> <span class='ocrx_word' id='word_1_204' title='bbox 1185 3451 1239 3529; x_wconf 81' lang='grc' dir='ltr'>τὴν</span> <span class='ocrx_word' id='word_1_205' title='bbox 1258 3453 1363 3512; x_wconf 81' lang='grc' dir='ltr'>ἑαυτοῦ</span> 
     </span>
     <span class='ocr_line' id='line_1_27' title="bbox 215 3552 1363 3639; baseline -0.001 -22"><span class='ocrx_word' id='word_1_206' title='bbox 215 3553 367 3634; x_wconf 86' lang='grc' dir='ltr'>στρατιάν,</span> <span class='ocrx_word' id='word_1_207' title='bbox 384 3557 434 3619; x_wconf 77' lang='grc' dir='ltr'>ἵνα</span> <span class='ocrx_word' id='word_1_208' title='bbox 449 3561 483 3617; x_wconf 89' lang='grc' dir='ltr'>τὸ</span> <span class='ocrx_word' id='word_1_209' title='bbox 498 3557 615 3632; x_wconf 83' lang='grc' dir='ltr'>πλῆθος</span> <span class='ocrx_word' id='word_1_210' title='bbox 634 3560 694 3620; x_wconf 79' lang='grc' dir='ltr'>τῶν</span> <span class='ocrx_word' id='word_1_211' title='bbox 713 3557 868 3638; x_wconf 82' lang='grc' dir='ltr'>πολεμίων</span> <span class='ocrx_word' id='word_1_212' title='bbox 888 3558 1010 3639; x_wconf 85' lang='grc' dir='ltr'>άχρεῖον</span> <span class='ocrx_word' id='word_1_213' title='bbox 1033 3553 1260 3618; x_wconf 88' lang='grc' dir='ltr'>κατασκευάσας</span> <span class='ocrx_word' id='word_1_214' title='bbox 1278 3552 1363 3616; x_wconf 86' lang='grc' dir='ltr'>ίσους</span> 
     </span>
     <span class='ocr_line' id='line_1_28' title="bbox 215 3655 1365 3748; baseline 0.001 -30"><span class='ocrx_word' id='word_1_215' title='bbox 215 3655 283 3723; x_wconf 75' lang='grc' dir='ltr'>τοὺς</span> <span class='ocrx_word' id='word_1_216' title='bbox 298 3659 389 3721; x_wconf 80' lang='grc' dir='ltr'>αὑτοῦ</span> <span class='ocrx_word' id='word_1_217' title='bbox 403 3661 589 3741; x_wconf 81' lang='grc' dir='ltr'>στρατιώτας</span> <span class='ocrx_word' id='word_1_218' title='bbox 606 3656 666 3745; x_wconf 79' lang='grc' dir='ltr'>(ἐν)</span> <span class='ocrx_word' id='word_1_219' title='bbox 681 3662 716 3748; x_wconf 81' lang='grc' dir='ltr'>τῇ</span> <span class='ocrx_word' id='word_1_220' title='bbox 733 3662 891 3739; x_wconf 87' lang='grc' dir='ltr'>στενότητι</span> <span class='ocrx_word' id='word_1_221' title='bbox 903 3664 955 3723; x_wconf 84' lang='grc' dir='ltr'>τοῦ</span> <span class='ocrx_word' id='word_1_222' title='bbox 970 3661 1064 3724; x_wconf 90' lang='grc' dir='ltr'>τόπου</span> <span class='ocrx_word' id='word_1_223' title='bbox 1076 3663 1149 3741; x_wconf 82' lang='grc' dir='ltr'>πρὸς</span> <span class='ocrx_word' id='word_1_224' title='bbox 1165 3662 1218 3721; x_wconf 87' lang='grc' dir='ltr'>τδν</span> <span class='ocrx_word' id='word_1_225' title='bbox 1229 3657 1365 3720; x_wconf 92' lang='grc' dir='ltr'>κίνδυνον</span> 
     </span>
     <span class='ocr_line' id='line_1_29' title="bbox 216 3755 1364 3847; baseline 0.002 -25"><span class='ocrx_word' id='word_1_226' title='bbox 216 3759 402 3847; x_wconf 79' lang='grc' dir='ltr'>καταστήσῃ·</span> <span class='ocrx_word' id='word_1_227' title='bbox 427 3763 476 3825; x_wconf 78' lang='grc' dir='ltr'>καὶ</span> <span class='ocrx_word' id='word_1_228' title='bbox 491 3762 528 3842; x_wconf 77' lang='grc' dir='ltr'>δή</span> <span class='ocrx_word' id='word_1_229' title='bbox 544 3762 638 3827; x_wconf 88' lang='grc' dir='ltr'>πάλιν</span> <span class='ocrx_word' id='word_1_230' title='bbox 654 3763 821 3831; x_wconf 82' lang='grc' dir='ltr'>Λευκανοὺς</span> <span class='ocrx_word' id='word_1_231' title='bbox 841 3765 985 3843; x_wconf 86' lang='grc' dir='ltr'>ἐνίκησαν</span> <span class='ocrx_word' id='word_1_232' title='bbox 1009 3765 1039 3826; x_wconf 80' lang='grc' dir='ltr'>οἱ</span> <span class='ocrx_word' id='word_1_233' title='bbox 1065 3762 1200 3844; x_wconf 81' lang='grc' dir='ltr'>Θούριοι.</span> <span class='ocrx_word' id='word_1_234' title='bbox 1223 3808 1231 3824; x_wconf 93' lang='grc'><strong>.</strong></span> <span class='ocrx_word' id='word_1_235' title='bbox 1254 3808 1262 3825; x_wconf 90' lang='grc'>.</span> <span class='ocrx_word' id='word_1_236' title='bbox 1282 3808 1294 3824; x_wconf 89' lang='grc'>.</span> <span class='ocrx_word' id='word_1_237' title='bbox 1316 3755 1364 3845; x_wconf 88' lang='grc'>(4)</span> 
     </span>
     <span class='ocr_line' id='line_1_30' title="bbox 217 3863 1363 3952; baseline -0.001 -26"><span class='ocrx_word' id='word_1_238' title='bbox 217 3864 419 3945; x_wconf 86' lang='grc' dir='ltr'>Κλεανδρίδας</span> <span class='ocrx_word' id='word_1_239' title='bbox 444 3871 606 3933; x_wconf 85' lang='grc' dir='ltr'>Λευκανοῖς</span> <span class='ocrx_word' id='word_1_240' title='bbox 630 3875 774 3948; x_wconf 80' lang='grc' dir='ltr'>πολεμῶν</span> <span class='ocrx_word' id='word_1_241' title='bbox 795 3867 950 3951; x_wconf 85' lang='grc' dir='ltr'>ὑπερέχων</span> <span class='ocrx_word' id='word_1_242' title='bbox 964 3867 1091 3952; x_wconf 80' lang='grc' dir='ltr'>ήμιολίῳ</span> <span class='ocrx_word' id='word_1_243' title='bbox 1108 3864 1220 3945; x_wconf 89' lang='grc' dir='ltr'>πλήθει</span> <span class='ocrx_word' id='word_1_244' title='bbox 1235 3863 1363 3946; x_wconf 85' lang='grc' dir='ltr'>λογισά-</span> 
     </span>
     <span class='ocr_line' id='line_1_31' title="bbox 215 3967 1364 4054; baseline -0.001 -24"><span class='ocrx_word' id='word_1_245' title='bbox 215 3992 306 4047; x_wconf 91' lang='grc' dir='ltr'>μενος</span> <span class='ocrx_word' id='word_1_246' title='bbox 321 3967 369 4044; x_wconf 79' lang='grc' dir='ltr'>ὣς,</span> <span class='ocrx_word' id='word_1_247' title='bbox 385 3970 412 4033; x_wconf 86' lang='grc' dir='ltr'>εί</span> <span class='ocrx_word' id='word_1_248' title='bbox 428 3974 561 4051; x_wconf 88' lang='grc' dir='ltr'>φανερδυ</span> <span class='ocrx_word' id='word_1_249' title='bbox 572 3975 605 4034; x_wconf 87' lang='grc' dir='ltr'>τδ</span> <span class='ocrx_word' id='word_1_250' title='bbox 617 3975 735 4050; x_wconf 85' lang='grc' dir='ltr'>πλῆθος</span> <span class='ocrx_word' id='word_1_251' title='bbox 746 3972 865 4054; x_wconf 87' lang='grc' dir='ltr'>γένοιτο</span> <span class='ocrx_word' id='word_1_252' title='bbox 877 3977 941 4038; x_wconf 81' lang='grc' dir='ltr'>τοῖς</span> <span class='ocrx_word' id='word_1_253' title='bbox 952 3973 1120 4052; x_wconf 82' lang='grc' dir='ltr'>πολεμίοις,</span> <span class='ocrx_word' id='word_1_254' title='bbox 1131 3968 1364 4051; x_wconf 83' lang='grc' dir='ltr'>άναχωρήσουσι</span> 
     </span>
     <span class='ocr_line' id='line_1_32' title="bbox 215 4068 1363 4158; baseline 0 -25"><span class='ocrx_word' id='word_1_255' title='bbox 215 4068 275 4153; x_wconf 75' lang='grc' dir='ltr'>[μὴ]</span> <span class='ocrx_word' id='word_1_256' title='bbox 293 4073 592 4151; x_wconf 81' lang='grc' dir='ltr'>διακινδυνεύσαντες,</span> <span class='ocrx_word' id='word_1_257' title='bbox 608 4074 662 4153; x_wconf 78' lang='grc' dir='ltr'>τὴν</span> <span class='ocrx_word' id='word_1_258' title='bbox 680 4075 827 4158; x_wconf 85' lang='grc' dir='ltr'>φάλαγγα</span> <span class='ocrx_word' id='word_1_259' title='bbox 850 4073 1022 4158; x_wconf 89' lang='grc' dir='ltr'>συνήγαγεν</span> <span class='ocrx_word' id='word_1_260' title='bbox 1045 4076 1075 4139; x_wconf 87' lang='grc' dir='ltr'>ἐς</span> <span class='ocrx_word' id='word_1_261' title='bbox 1091 4074 1199 4154; x_wconf 83' lang='grc' dir='ltr'>βάθος.</span> <span class='ocrx_word' id='word_1_262' title='bbox 1244 4072 1310 4135; x_wconf 82' lang='grc' dir='ltr'>ἐπεὶ</span> <span class='ocrx_word' id='word_1_263' title='bbox 1330 4072 1363 4134; x_wconf 82' lang='grc' dir='ltr'>δέ</span> 
     </span>
    </p>
   </div>
   <div class='ocr_carea' id='block_1_14' title="bbox 109 4173 1363 4260">
    <p class='ocr_par' dir='ltr' id='par_1_15' title="bbox 109 4173 1363 4260">
     <span class='ocr_line' id='line_1_33' title="bbox 109 4173 1363 4260; baseline -0.002 -21"><span class='ocrx_word' id='word_1_264' title='bbox 109 4218 114 4239; x_wconf 80' lang='grc'>.</span> <span class='ocrx_word' id='word_1_265' title='bbox 216 4173 361 4237; x_wconf 81' lang='grc' dir='ltr'>Λευκανοὶ</span> <span class='ocrx_word' id='word_1_266' title='bbox 385 4175 668 4258; x_wconf 82' lang='grc' dir='ltr'>καταφρονήσαντες</span> <span class='ocrx_word' id='word_1_267' title='bbox 686 4178 726 4245; x_wconf 81' lang='grc' dir='ltr'>ὣς</span> <span class='ocrx_word' id='word_1_268' title='bbox 751 4179 863 4260; x_wconf 86' lang='grc' dir='ltr'>ὀλίγων</span> <span class='ocrx_word' id='word_1_269' title='bbox 883 4179 931 4243; x_wconf 83' lang='grc' dir='ltr'>ἐπὶ</span> <span class='ocrx_word' id='word_1_270' title='bbox 954 4181 1047 4259; x_wconf 82' lang='grc' dir='ltr'>μῆκος</span> <span class='ocrx_word' id='word_1_271' title='bbox 1067 4175 1217 4256; x_wconf 72' lang='grc' dir='ltr'>ἐξέτειναν</span> <span class='ocrx_word' id='word_1_272' title='bbox 1238 4173 1276 4239; x_wconf 78' lang='grc' dir='ltr'>τά</span> <span class='ocrx_word' id='word_1_273' title='bbox 1291 4173 1363 4256; x_wconf 78' lang='grc' dir='ltr'>ζυγὰ</span> 
     </span>
    </p>
   </div>
   <div class='ocr_carea' id='block_1_15' title="bbox 215 4277 1365 4575">
    <p class='ocr_par' dir='ltr' id='par_1_16' title="bbox 215 4277 1365 4575">
     <span class='ocr_line' id='line_1_34' title="bbox 215 4277 1361 4363; baseline 0.004 -23"><span class='ocrx_word' id='word_1_274' title='bbox 215 4278 491 4361; x_wconf 78' lang='grc' dir='ltr'>ὑπερφαλαγγῆσαι</span> <span class='ocrx_word' id='word_1_275' title='bbox 517 4282 695 4362; x_wconf 76' lang='grc' dir='ltr'>πειρώμενοι</span> <span class='ocrx_word' id='word_1_276' title='bbox 727 4279 776 4346; x_wconf 79' lang='grc' dir='ltr'>καὶ</span> <span class='ocrx_word' id='word_1_277' title='bbox 805 4283 991 4363; x_wconf 86' lang='grc' dir='ltr'>βουλόμενοι</span> <span class='ocrx_word' id='word_1_278' title='bbox 1021 4281 1069 4345; x_wconf 85' lang='grc' dir='ltr'>καὶ</span> <span class='ocrx_word' id='word_1_279' title='bbox 1098 4277 1121 4324; x_wconf 68' lang='lat'><em>*</em></span> <span class='ocrx_word' id='word_1_280' title='bbox 1151 4279 1187 4358; x_wconf 81' lang='grc' dir='ltr'>ἦν</span> <span class='ocrx_word' id='word_1_281' title='bbox 1214 4280 1314 4345; x_wconf 77' lang='grc' dir='ltr'>αὐτοῖς</span> <span class='ocrx_word' id='word_1_282' title='bbox 1342 4277 1361 4357; x_wconf 83' lang='grc' dir='ltr'><em>ἡ</em></span> 
     </span>
     <span class='ocr_line' id='line_1_35' title="bbox 216 4380 1364 4468; baseline 0.004 -26"><span class='ocrx_word' id='word_1_283' title='bbox 216 4380 408 4463; x_wconf 83' lang='grc' dir='ltr'>δναχιόρησις</span> <span class='ocrx_word' id='word_1_284' title='bbox 431 4382 612 4464; x_wconf 85' lang='grc' dir='ltr'>ήπλωμένης</span> <span class='ocrx_word' id='word_1_285' title='bbox 638 4388 691 4464; x_wconf 76' lang='grc' dir='ltr'>τῆς</span> <span class='ocrx_word' id='word_1_286' title='bbox 717 4385 888 4468; x_wconf 88' lang='grc' dir='ltr'>φάλαγγος,</span> <span class='ocrx_word' id='word_1_287' title='bbox 906 4384 1092 4468; x_wconf 89' lang='grc' dir='ltr'>παρήγγειλε</span> <span class='ocrx_word' id='word_1_288' title='bbox 1113 4383 1182 4451; x_wconf 78' lang='grc' dir='ltr'>τοὺς</span> <span class='ocrx_word' id='word_1_289' title='bbox 1201 4382 1364 4448; x_wconf 87' lang='grc' dir='ltr'>ἐπιστάτας</span> 
     </span>
     <span class='ocr_line' id='line_1_36' title="bbox 215 4485 1365 4575; baseline 0.002 -27"><span class='ocrx_word' id='word_1_290' title='bbox 215 4485 409 4565; x_wconf 84' lang='grc' dir='ltr'>μεταβαίνειν</span> <span class='ocrx_word' id='word_1_291' title='bbox 425 4489 469 4554; x_wconf 86' lang='grc' dir='ltr'>είς</span> <span class='ocrx_word' id='word_1_292' title='bbox 484 4488 686 4569; x_wconf 74' lang='grc' dir='ltr'>παρυπάτην·</span> <span class='ocrx_word' id='word_1_293' title='bbox 703 4490 809 4575; x_wconf 71' lang='grc' dir='ltr'>πολλῷ</span> <span class='ocrx_word' id='word_1_294' title='bbox 829 4490 862 4553; x_wconf 81' lang='grc' dir='ltr'>δέ</span> <span class='ocrx_word' id='word_1_295' title='bbox 876 4487 1008 4568; x_wconf 92' lang='grc' dir='ltr'>ποιήσας</span> <span class='ocrx_word' id='word_1_296' title='bbox 1027 4487 1290 4570; x_wconf 80' lang='grc' dir='ltr'>άπερμηκεστέραν</span> <span class='ocrx_word' id='word_1_297' title='bbox 1309 4485 1365 4566; x_wconf 80' lang='grc' dir='ltr'>τὴν</span> 
     </span>
    </p>
   </div>
   <div class='ocr_carea' id='block_1_16' title="bbox 0 0 1509 5046">
    <p class='ocr_par' dir='ltr' id='par_1_17' title="bbox 0 0 1509 5046">
     <span class='ocr_line' id='line_1_37' title="bbox 0 0 1509 5046; baseline 0 0"><span class='ocrx_word' id='word_1_298' title='bbox 0 0 1509 5046; x_wconf 95' lang='lat' dir='ltr'> </span> 
     </span>
    </p>
   </div>
  </div>
 </body>
</html>
