3000 5046
224 348 281 408 180
570 347 656 409 THE
679 350 708 408 A
715 346 912 408 ΤΗΕΝΙΑΝ
936 349 1042 409 CITY.
1246 361 1309 424 [ου.
1322 362 1372 408 τυ.

221 550 315 626 δῆμον
339 545 403 610 καθ’
419 552 550 612 ἕκαστον
571 547 708 612 ἐνιαυτὸν
730 552 804 628 πρὸς
827 550 893 614 τοῖς
914 548 1121 630 ὑπαρχούσαις
1144 545 1251 612 ναυσίν
1273 551 1371 611 εῖκοσι

219 650 349 732 τριήρεις
373 649 697 732 προσκατασκευάζειν,
728 651 778 714 καὶ
801 648 870 716 τοὺς
891 653 1048 730 μετοίκους
1070 648 1119 714 καί
1143 650 1211 717 τοὺς
1232 650 1371 733 τεχνίτας

219 755 338 822 ἀτελεῖς
368 757 504 835 ποιῆσαι,
532 754 613 821 ὅπως
643 755 738 837 ὄχλος
764 753 861 820 πολὺς
892 756 1085 839 πανταχόθεν
1120 757 1163 820 είς
1193 754 1249 833 τὴν
1278 755 1371 818 πόλιν

219 858 350 945 κατέλθῃ
378 859 426 922 καὶ
451 860 576 925 πλείους
601 858 710 940 τέχνας
738 857 1008 922 κατασκευάσωσιν
1030 858 1168 941 εὐχερῶς·
1214 859 1371 939 ἀμφότερα

217 960 276 1044 γὰρ
292 967 384 1026 ταῦτα
398 961 612 1045 χρησιμιίτατα
627 961 701 1042 πρὸς
720 963 774 1028 τᾶς
788 967 849 1025 τῶν
863 967 1009 1025 ναυτικῶν
1020 960 1173 1041 δννάμεων
1186 960 1370 1029 κατασκευὰς

218 1064 366 1150 ὑπάρχειν
380 1067 505 1146 ἔκρινεν.
550 1067 579 1129 οἱ
593 1069 650 1145 μὲν
664 1065 717 1130 οὖν
731 1065 886 1143 Ἀθηναῖοι
901 1063 970 1146 περὶ
985 1071 1078 1129 ταῦτα
1092 1065 1292 1149 ἠσχολοῦντο.

260 1222 310 1277 16.
333 1211 420 1276 Plut.
437 1209 545 1276 stem.
565 1230 622 1294 19:
647 1211 700 1274 Ἐκ
716 1213 749 1275 δὲ
765 1210 868 1273 τούτου
883 1216 936 1276 τὸν
948 1216 1077 1292 Πειραιᾶ
1093 1212 1297 1290 κατεσκεύαζε,
1314 1213 1369 1292 τήν

216 1320 278 1381 τῶν
291 1317 424 1395 λιμένων
439 1315 565 1396 εὐφυίαν
586 1314 786 1394 κατανοήσας,
801 1310 850 1378 καὶ
871 1315 926 1393 τὴν
941 1315 1033 1379 πόλιν
1056 1317 1132 1394 ὅλην
1152 1316 1368 1397 ἁρμοττόμενος

215 1425 290 1502 πρὸς
312 1417 366 1498 τὴν
393 1419 556 1498 θάλατταν,
574 1415 622 1482 καὶ
644 1419 756 1500 τρόπον
779 1420 845 1481 τινὰ
866 1423 930 1485 τοῖς
952 1423 1093 1486 παλαιοῖς
1118 1424 1286 1498 βασιλεῦσι
1307 1425 1368 1483 τῶν
1432 1410 1436 1417 ’

215 1524 383 1603 Ἀθηναίων
399 1525 704 1601 ἀντιπολιτευόμενος.
750 1523 860 1587 έκεῖνοι
873 1524 930 1600 μὲν
945 1523 1012 1603 γάρ,
1028 1522 1068 1589 ὣς
1083 1523 1215 1604 λέγεται,
1231 1548 1366 1605 πραγμα-

213 1629 367 1706 τευόμενοι
388 1627 456 1695 τοὺς
480 1628 606 1694 πολίτας
629 1624 810 1691 ἀποσπάσαι
830 1629 883 1702 τῆς
900 1625 1051 1704 θαλόττης
1068 1624 1116 1691 καῖ
1139 1628 1296 1691 συνεθίσαι
1312 1628 1367 1706 ζῆν

211 1731 254 1813 μή
280 1734 439 1808 πλέοντας,
465 1733 547 1795 ἀλλὰ
571 1729 625 1810 τὴν
652 1730 755 1814 χιύρον
777 1730 967 1810 φυτεύοντας,
989 1730 1043 1794 τὸν
1067 1729 1134 1811 περὶ
1155 1733 1208 1808 τῆς
1233 1728 1366 1808 Ἀθηνᾶς

214 1837 353 1902 διέδοσαν
371 1836 476 1917 λόγον,
492 1835 531 1903 ῶς
548 1836 691 1917 έρίσαντο
712 1832 780 1916 περὶ
801 1838 853 1913 τῆς
877 1835 978 1918 χιύρος
1001 1840 1055 1899 τὸν
1080 1839 1221 1898 Ποσειδῶ
1241 1832 1366 1913 δείξασα

213 1939 267 2020 τήν
282 1941 388 2019 μορίαν
403 1944 467 2006 τοῖς
482 1943 637 2005 δικασταῖς
650 1938 779 2017 ένίκησε.
827 1940 1038 2018 Θεμιστοκλῆς
1058 1936 1084 2003 δ’
1095 1939 1161 2020 οὐχ,
1174 1938 1213 2006 ὡς
1224 1938 1364 2017 Ἀριστο-

213 2041 312 2123 φόνης
327 2046 343 2107 ὁ
360 2048 487 2124 κωμικὸς
502 2041 596 2125 λέγει,
612 2042 648 2128 τῇ
664 2044 754 2106 πόλει
770 2047 822 2106 τόν
843 2046 973 2123 Πειραιᾶ
996 2040 1197 2124 προσέμαξεν,
1213 2041 1296 2106 ἀλλὰ
1310 2042 1365 2121 τὴν

212 2146 302 2211 πόλιν
318 2145 416 2230 έξήψε
432 2151 484 2210 τοῦ
499 2149 648 2227 Πειραιῶς
663 2142 712 2209 καῖ
727 2144 782 2224 τὴν
803 2147 861 2227 γῆν
884 2150 937 2225 τῆς
961 2145 1120 2225 θαλάττης·
1143 2147 1214 2211 ὅθεν
1239 2147 1288 2209 καῖ
1312 2151 1364 2210 τδν

212 2252 307 2330 δῆμον
322 2250 434 2330 ηύξησε
450 2254 523 2314 κατὰ
538 2255 598 2313 τῶν
618 2250 750 2331 ἀρίστων
771 2246 820 2313 καὶ
844 2249 973 2331 θράσους
996 2247 1173 2328 ένέπλησεν,
1190 2251 1233 2316 είς
1255 2249 1363 2315 ναύτας

212 2353 261 2419 καὶ
279 2357 443 2421 κελευστὰς
458 2351 507 2418 καῖ
523 2351 708 2434 κυβερνήτας
724 2355 774 2428 τῆς
789 2352 942 2432 δυνάμεως
964 2351 1158 2434 ἀφικομένης.
1203 2357 1249 2417 διδ
1265 2352 1313 2417 καῖ
1328 2358 1363 2416 τδ

210 2461 297 2538 βῆμα
311 2460 346 2523 τδ
361 2461 395 2522 έν
411 2455 507 2522 Πνυκὶ
522 2454 725 2536 πεποιημένον
745 2456 817 2520 ὥστ’
835 2457 1028 2538 ἀποβλέπειν
1042 2456 1117 2539 πρὸς
1132 2457 1186 2535 τήν
1201 2455 1363 2522 θάλασσαν

209 2563 337 2644 ὕστερον
361 2564 390 2626 οῖ
413 2561 573 2643 τριάκοντα
593 2559 667 2642 πρὸς
682 2560 738 2641 τὴν
753 2560 855 2642 χῶραν
870 2558 1075 2642 ἀπέστρεψαν,
1091 2560 1221 2639 οίόμενοι
1236 2561 1291 2636 τήν
1306 2563 1362 2640 μὲν

210 2668 283 2729 κατὰ
301 2666 454 2731 θάλατταν
473 2665 569 2750 ἀρχὴν
589 2664 711 2748 γένεσιν
729 2663 806 2728 εῖναι
827 2665 1035 2746 δημοκρατίας,
1051 2664 1212 2750 ὀλιγαρχίη
1229 2664 1254 2728 δ’
1271 2665 1361 2744 ἦττον

208 2771 417 2853 δυσχεραίνειν
432 2769 500 2835 τοὺς
517 2773 732 2850 γεωργοῦντας.

251 2918 299 2974 17.
322 2908 378 2972 Ar.
394 2907 454 2991 Eq.
473 2906 544 2990 815.
589 2905 650 2971 See
664 2904 772 2970 above
790 2917 822 2970 9.

252 3008 362 3076 Βαλολ.
378 3011 425 3074 ad
440 3010 517 3075 loe:
541 3007 599 3074 Καὶ
615 3015 666 3074 τδν
690 3014 817 3091 Πειραιᾶ
837 3009 894 3091 γὰρ
915 3010 1074 3090 έτείχισεν.
1119 3007 1152 3074 δς
1174 3010 1282 3092 ἀπεῖχε
1307 3011 1359 3086 τῆς

208 3115 326 3180 πόλεως
356 3117 497 3181 σταδίους
526 3111 581 3190 λε’,
608 3117 689 3195 παρὰ
718 3113 871 3179 θάλατταν
901 3113 952 3176 ὧν.
976 3161 983 3175 .
1009 3160 1017 3175 .
1041 3160 1049 3176 .
1072 3115 1234 3177 αἰνίττεται
1255 3115 1288 3176 δὲ
1311 3117 1359 3178 διὰ

207 3218 319 3282 τούτων
335 3222 372 3282 τδ
386 3221 484 3299 μακρὰ
499 3219 584 3301 τείχη
600 3217 681 3299 παρῶ
696 3222 758 3284 τοῖς
772 3217 945 3295 Ἀθηναίοις
960 3216 1140 3296 καλούμενα.

249 3374 299 3429 le.
322 3364 379 3427 Ar.
396 3363 457 3449 Eq.
475 3362 557 3441 884:
578 3360 736 3428 Ταιουτονῖ
752 3364 965 3443 Θεμιστοκλῆς
981 3361 1132 3425 οὐπώποτ’
1153 3362 1325 3439 ἐπενόησεν.
1349 3363 1355 3446 ί

207 3470 303 3534 καίτοι
331 3469 431 3550 σοφὸν
458 3468 568 3532 κάκεῖν’
593 3469 609 3531 δ
636 3468 804 3548 Πειραιεύς·
839 3464 947 3530 Schol.
973 3464 1019 3529 ad
1045 3487 1076 3529 v.
1103 3464 1184 3529 886:
1211 3462 1285 3554 [Καὶ
1305 3471 1358 3531 τὸν

207 3576 336 3657 Πειραιᾶ
358 3573 391 3638 δὲ
414 3576 561 3656 τειχίσας,
584 3571 624 3637 ὧς
646 3573 767 3653 εἴρηται,
791 3571 839 3634 καὶ
866 3573 903 3633 τά
927 3572 1027 3651 μακρδ
1052 3569 1139 3652 τείχη
1167 3569 1296 3649 ποιήσας
1319 3571 1357 3634 τδ

205 3675 345 3756 διήκοντα
357 3676 417 3741 ἀπὸ
430 3679 483 3755 τῆς
498 3678 617 3741 πόλεως
627 3675 717 3757 μέχρι
729 3679 781 3737 τοῦ
792 3677 951 3754 Πειραιῶς,
964 3671 1014 3737 ἐπὶ
1025 3674 1120 3739 πλέον
1132 3671 1218 3751 ἔδοξε
1230 3669 1354 3761 σοφός].

247 3833 298 3887 19.
321 3821 439 3886 Euseb.
463 3819 575 3907 (Sym.
597 3838 672 3905 470.
696 3818 748 3906 5):
783 3820 939 3900 Ἀθηναῖοι
963 3820 1018 3885 τὸν
1041 3823 1171 3900 Πειραιᾶ
1192 3820 1354 3904 ἐτείχισαν.

204 3926 341 3991 Hieron.
359 3924 408 3989 Ol.
422 3941 474 4010 75.
492 3942 528 3989 αι
551 3922 770 3988 Athenienses
785 3923 955 3988 Piraeeum
970 3944 1064 3988 muro
1080 3920 1216 3987 vellent„
1267 3920 1354 3987 Vere.

203 4031 302 4096 Arm.
321 4029 371 4094 Ol.
389 4045 439 4112 71.
459 4048 473 4092 1
488 4053 494 4091 :
513 4027 648 4091 Piraeus
663 4027 813 4091 munitus
828 4033 879 4091 est
893 4048 914 4091 ο
929 4025 1158 4092 Themistocle.

247 4187 302 4239 20.
327 4173 424 4238 Corn.
441 4173 524 4257 Nep.
545 4171 653 4237 Τίιοινι.
675 4174 715 4237 6:
748 4171 890 4258 Magnus
912 4171 974 4237 hoe
995 4171 1083 4237 bello
1104 4170 1248 4259 (Persico
1269 4169 1354 4256 οιύί)

202 4277 437 4344 Themistocles
453 4277 525 4352 fuit,
541 4298 648 4361 neque
664 4276 772 4341 minor
786 4275 821 4339 in
838 4297 927 4361 paee.
973 4296 1048 4340 eum
1072 4274 1161 4339 enim
1182 4273 1353 4340 Phalerico

200 4388 299 4468 portu
325 4402 430 4466 neque
455 4401 574 4465 magno
597 4401 704 4466 neque
719 4379 807 4444 bono
821 4378 1039 4443 Athenienses
1055 4383 1235 4453 uterentur,
1252 4375 1352 4442 huius

200 4485 336 4552 oonsilio
359 4483 481 4570 triplex
503 4483 610 4549 Piraei
624 4488 741 4570 portus
756 4482 958 4548 eonstitutus
977 4487 1037 4561 eet,
1054 4481 1160 4566 iisque
1179 4480 1352 4546 moenibus
