3000 5046
168 379 211 439 94
384 360 615 419 EXTERNAL
641 357 838 418 HISTORY
861 357 919 416 OF
937 356 1123 427 ATHENS,
1187 365 1249 433 [σιμ
1261 367 1322 415 111.

171 565 230 644 γῆν
245 559 459 643 ἀπεχάρησαν,
474 560 506 623 αἱ
521 561 555 625 δὲ
570 561 639 638 νῆες
655 555 737 623 κεναί
757 561 819 622 τῦν
832 557 1028 637 βοηθούντων
1046 555 1134 620 οὖσαι
1149 558 1214 621 τοῖς
1227 560 1321 619 πολε·

171 665 250 744 μίοις
266 662 453 747 έγενήθησαν
468 662 643 745 ὑποχείριοι

216 766 286 855 (61)
308 771 398 833 Μετὰ
420 769 454 831 δὲ
477 772 571 832 ταῦτα
595 768 612 831 ό
632 768 688 848 μὲν
709 766 814 845 Κίμων
834 766 886 831 οὐκ
901 761 1059 846 ἀρκεσθεὶς
1073 763 1237 850 τηλικαύτη
1253 765 1321 848 νίκῃ

172 875 353 955 παραχρῆμα
368 874 457 938 παντὶ
472 868 513 957 τῷ
528 872 630 956 στόλῳ
651 872 858 952 προσκατῆρεν
873 866 922 934 έπύ
946 875 980 933 τδ
1001 869 1093 948 πεζόν
1110 873 1170 932 τῦν
1190 873 1322 945 Περσῶν

173 979 384 1061 στρατόπεδον,
401 977 494 1056 οὑσης
508 977 560 1056 τῆς
574 979 771 1059 παρεμβολῆς
791 975 871 1058 παρὰ
884 982 938 1040 τδν
953 975 1162 1057 Εὐρυμέδοντα
1176 975 1321 1054 ποταμόν.

172 1084 363 1164 βουλόμενος
394 1086 426 1148 δὲ
450 1083 737 1164 καταστρατηγῆσαι
762 1081 831 1147 τούς
852 1079 1037 1162 βαρβάρους,
1065 1063 1255 1158 ἐνεβίβασεν
1277 1079 1320 1145 είς

173 1187 226 1257 τὰς
242 1191 464 1270 αἰχμαλωτίδας
480 1192 550 1255 ναῦς
565 1194 625 1252 τῶν
646 1188 730 1251 ἰδίων
749 1186 818 1253 τοὺς
834 1187 983 1267 ἀρίστους,
998 1184 1066 1251 δοὺς
1080 1183 1183 1265 τιάρας
1202 1184 1252 1248 καὶ
1267 1183 1322 1262 τήν

174 1291 274 1370 ἀλλην
298 1292 485 1370 κατασκευὴν
507 1289 641 1371 περιθεὶς
659 1287 824 1371 Περσικήν.
868 1285 917 1376 (2)
939 1290 969 1353 οἱ
992 1291 1025 1352 δὲ
1046 1286 1202 1369 βάρβαροι
1223 1311 1321 1367 προσ-

173 1397 320 1463 πλέοντος
344 1395 411 1477 άρτι
440 1400 493 1459 τοὺ
516 1395 629 1459 στόλου
654 1399 720 1462 ταῖς
741 1398 907 1476 Περσικαῖς
934 1394 1023 1458 ναυσὶ
1047 1391 1097 1456 καὶ
1120 1394 1323 1473 παρασκευαῖς

172 1499 361 1582 ψευσθέντες
385 1499 546 1577 ὑπέλαβον
572 1501 626 1565 τάς
650 1499 727 1565 ίδίας
750 1496 878 1580 τριήρεις
901 1497 987 1563 εἶναι.
1031 1497 1136 1577 διόπερ
1161 1495 1241 1559 οὑτοι
1267 1498 1324 1574 μὶν

174 1602 396 1684 προσεδέξαντο
420 1602 488 1668 τούς
511 1601 688 1681 Ἀθηναίους
714 1601 753 1668 ὡς
775 1602 885 1682 φίλους
909 1602 1007 1670 ὄντας.
1035 1601 1052 1664 ά
1079 1604 1111 1666 δὲ
1139 1599 1242 1678 Κίμων
1265 1596 1323 1677 ῆδη

175 1707 280 1773 νυκτὸς
302 1704 514 1789 έπιγενομένης
536 1706 710 1785 έκβιβάσας
736 1704 805 1771 τοὺς
831 1705 1022 1786 στρατιώτας,
1049 1705 1098 1768 καὶ
1123 1699 1323 1787 προσδεχθεὶς

175 1811 214 1878 ὑις
230 1812 323 1892 φίλος
339 1807 388 1874 ὑπ’
402 1808 510 1889 αὐτῶν,
526 1809 688 1874 εἰσέπεσεν
704 1810 746 1875 είς
758 1809 812 1887 τὴν
828 1808 1062 1890 στρατοπεδείαν
1076 1812 1135 1872 τῶν
1149 1803 1324 1887 βαρβάρων.

175 1912 225 2000 (3)
248 1917 380 1997 ταραχῆς
404 1918 436 1980 δὲ
453 1911 589 1996 μεγάλης
608 1913 772 1995 γενομένης
792 1914 873 1994 παρὰ
894 1915 957 1978 τοῖς
976 1909 1120 1993 Πέρσαις,
1135 1911 1165 1974 οἱ
1184 1913 1240 1988 μὲν
1255 1906 1324 1990 περὶ

175 2025 228 2083 τὸν
262 2019 385 2098 Κίμωνα
416 2017 530 2083 πάντας
562 2017 630 2083 τούς
659 2015 896 2099 ἐντυγχάνοντας
930 2019 1075 2092 έκτειναν,
1106 2012 1155 2080 καὶ
1185 2014 1238 2079 τὸν
1269 2017 1325 2094 μὲν

176 2122 346 2206 στρατηγὸν
369 2126 429 2186 πῶν
455 2120 622 2203 βαρβάρων
645 2128 697 2185 τὸν
719 2120 821 2202 ἕτερον
844 2120 1045 2202 Φερενδάτην,
1066 2121 1250 2200 ἀδελφιδοῦν
1272 2121 1325 2181 τοὺ

175 2228 342 2307 βασιλέως,
357 2229 390 2292 ἓν
411 2228 447 2313 τῆ
466 2226 562 2313 σκηνῇ
583 2224 807 2303 καταλαβόντες
830 2225 1010 2306 έφόνευσαν,
1024 2229 1085 2290 τῶν
1105 2220 1131 2287 δ’
1151 2222 1256 2286 ἀλλων
1273 2220 1325 2288 οὐς

175 2335 231 2409 μὲν
253 2331 396 2409 ἔκτεινον,
418 2329 469 2397 οὐς
491 2334 523 2395 δὲ
541 2326 816 2410 κατετραυμάτιζον,
831 2327 945 2394 πάντας
968 2332 1002 2394 δὲ
1025 2325 1073 2392 διὰ
1097 2327 1132 2391 τδ
1154 2324 1325 2407 παράδοξον

177 2439 231 2514 τῆς
258 2433 424 2500 έπιθέσεως
452 2434 578 2516 φεύγειν
603 2432 791 2515 ἠνάγκασαν,
814 2436 945 2498 καθόλου
968 2433 994 2498 δ’
1022 2430 1167 2511 ἔκπληξις
1189 2430 1251 2510 ἀμα
1274 2430 1325 2493 καὶ

177 2540 285 2621 άγνοια
308 2538 429 2616 τοιαύτη
451 2541 571 2620 κατεῖχε
591 2537 661 2603 τοὺς
685 2535 816 2617 Πέρσας,
833 2534 907 2601 ὥσθ’
923 2537 954 2600 οἱ
974 2537 1098 2602 πλείους
1112 2534 1181 2603 τούς
1196 2536 1325 2599 έπιτιθε-

176 2642 284 2724 μένους
313 2642 415 2709 αὐτοῖς
445 2643 554 2707 οίτινες
583 2639 662 2720 ήσαν
693 2640 745 2704 οὐκ
776 2641 952 2722 ἐγίνωσκον.
1011 2638 1060 2726 (4)
1087 2640 1156 2706 τούς
1181 2641 1237 2720 μέν
1266 2640 1325 2720 γὰρ

172 2746 331 2824 Ἕλληνας
355 2746 411 2830 οὐχ
434 2744 652 2825 ὑπελάμβανον
672 2745 757 2823 ήκειν
779 2742 853 2826 πρὸς
874 2744 981 2812 αὐτοὺς
1006 2747 1081 2822 μετὰ
1103 2743 1262 2822 δυνάμεως,
1291 2748 1325 2806 τδ

179 2852 312 2916 σύνολον
339 2848 408 2931 μηδ’
433 2851 517 2933 ἔχειν
540 2849 646 2916 αὐτοὺς
669 2849 766 2928 πεζὴν
796 2848 942 2930 στρατιὰν
967 2847 1174 2928 πεπεισμένοι·
1200 2846 1267 2914 τούς
1293 2848 1326 2911 δὲ

179 2956 322 3032 Πισίδας,
352 2956 441 3021 ὄντας
468 2955 594 3034 ὁμόρους
620 2955 669 3018 καὶ
693 2952 730 3018 τὰ
759 2958 833 3033 πρὸς
863 2952 969 3018 αὐτοὺς
999 2953 1166 3033 ἀλλοτρίως
1190 2952 1326 3035 ἔχοντας,

178 3055 398 3137 ὑπελάμβανον
407 3057 491 3137 ήκειν
497 3055 572 3135 μετὰ
581 3056 741 3137 δυνάμεως.
759 3062 807 3120 διδ
820 3057 869 3121 καὶ
879 3057 1057 3136 νομίσαντες
1069 3058 1128 3121 ἀπὸ
1138 3058 1190 3133 τῆς
1199 3054 1325 3135 ἠπείρου

179 3161 234 3241 τῆν
256 3161 408 3243 έπιφορὺν
430 3161 505 3226 εἶναι
528 3167 587 3226 τῶν
613 3163 775 3243 πολεμίων,
795 3167 869 3243 πρὸς
892 3158 945 3227 τὰς
968 3165 1039 3227 ναῦς
1062 3160 1101 3228 ὑις
1123 3159 1198 3241 πρὸς
1221 3160 1327 3241 φιλίας

179 3265 321 3347 ἔφευγον.
367 3262 415 3350 (5)
437 3268 490 3344 τῆς
514 3270 547 3330 δὲ
571 3271 677 3333 νυκτὸς
704 3264 796 3342 οὑσης
824 3263 977 3344 ἀσελήνου
1000 3265 1048 3328 καὶ
1075 3267 1232 3342 σκοτεινῆς
1255 3288 1326 3327 συν-

180 3367 284 3446 έβαινε
314 3368 368 3447 τὴν
397 3368 522 3452 ἄγνοιαν
550 3367 629 3433 πολὺ
658 3372 779 3449 μᾶλλον
808 3367 953 3447 αὔξεσθαι
979 3367 1026 3431 καὶ
1055 3367 1168 3447 μηδένα
1196 3369 1327 3445 τάληθὲς

180 3473 327 3537 δύνασθαι
341 3475 425 3538 ἰδεῖν.
463 3471 512 3558 (6)
527 3471 634 3537 διὸκαὶ
650 3478 768 3537 πολλοὺ
783 3472 880 3553 φόνου
893 3472 1057 3555 γενομένου
1072 3471 1121 3537 διὰ
1132 3471 1187 3551 τὴν
1202 3470 1328 3551 ἀταξίαν

180 3577 431 3658 τῶνβαρβάρων,
448 3579 534 3654 ὁμὲν
550 3578 653 3658 Κίμων
671 3577 854 3658 προειρηκὼς
874 3581 937 3642 τοῖς
959 3576 1156 3658 στρατιόταις
1178 3581 1252 3655 πρὸς
1274 3576 1328 3640 τὸν

181 3681 388 3762 ἀρθησόμενον
419 3680 535 3762 πνρσδν
563 3681 748 3765 συντρέχειν,
777 3680 829 3762 ῆρε
855 3680 929 3763 πρὸς
954 3687 1020 3748 ταῖς
1044 3679 1133 3747 ναυσὶ
1158 3680 1328 3758 σύσσημον,

180 3784 403 3865 εὐλαβούμενος
420 3785 461 3864 μή
480 3785 707 3867 διεσπαρμένων
729 3791 789 3849 τῶν
812 3789 1001 3866 στρατιωτῶν
1024 3785 1071 3848 καὶ
1093 3789 1167 3865 πρδς
1189 3783 1329 3866 ἁρπαγὴν

180 3886 377 3968 ὁρμησάντων
391 3886 516 3970 γένηταί
528 3913 555 3953 τι
572 3887 755 3970 παράλογον.
801 3885 850 3976 (7)
872 3888 992 3953 πάντων
1008 3889 1040 3952 δὲ
1056 3892 1129 3968 πρὸς
1143 3894 1197 3953 τὸν
1212 3888 1328 3969 πυρσὸν

180 3991 403 4070 ἀθροισθέντων
427 3991 476 4055 καὶ
500 3991 701 4072 παυσαμένων
721 3994 773 4069 τῆς
794 3993 941 4073 ἁρπαγῆς,
957 3991 1024 4056 τότε
1044 3994 1099 4072 μὲν
1121 3992 1164 4057 είς
1184 3994 1238 4056 τδς
1257 3995 1328 4059 ναὺς

181 4094 394 4178 ἀπεχώρησαν,
410 4120 445 4181 ιη
461 4094 487 4161 δ’
505 4096 648 4179 ὑστεραίᾳ
661 4097 803 4176 τρόπαιον
820 4094 988 4174 στήσαντες
1005 4095 1202 4159 ἀπέπλευσαν
1217 4095 1259 4160 είς
1274 4094 1330 4173 τῆν

182 4198 312 4279 Κύπρον,
329 4199 515 4276 νενικηκότες
537 4199 589 4263 δύο
611 4200 777 4266 καλλίστας
799 4199 894 4278 νίκας,
909 4200 965 4279 τήν
980 4201 1035 4279 μὲν
1052 4198 1126 4262 κατὰ
1140 4202 1206 4282 γῆν,
1221 4197 1276 4276 τῆν
1297 4199 1329 4262 δὲ

182 4296 258 4361 κατὰ
275 4296 438 4363 θάλατταν·
462 4299 578 4365 οὐδέπω
600 4298 657 4382 γὰρ
678 4300 913 4379 μνημονεύονται
933 4303 1069 4364 τοιαῦται
1090 4300 1139 4363 καὶ
1154 4302 1330 4376 τηλικαῦται

180 4396 306 4482 πράξεις
334 4401 478 4485 γενέσθαι
504 4406 579 4467 κατδ
607 4404 662 4483 τήν
691 4404 784 4484 αὐτήν
811 4402 923 4486 ἡμέραν
950 4400 998 4467 καὶ
1025 4403 1152 4488 ναυτικῷ
1176 4398 1223 4465 καὶ
1250 4401 1331 4487 πεζῷ

181 4503 384 4590 στρατοπέδη.
