3000 5046
286 291 308 321 ·.
328 266 364 320 ···.

222 317 286 423 2³
336 347 624 406 ‘EXTERNAL
650 345 846 405 HJSTORY
869 344 926 404 οτ
953 345 1136 414 ATHENS
1199 355 1262 421 [ch.
1275 357 1336 404 111.

182 426 1337 517 .-.-'.---—--—---—--—-

190 510 281 646 ,5662
307 547 448 613 Paus.x
451 567 527 612 ..11
545 548 584 610 6:
610 546 826 638 ’ῼκοδθμησαν
850 549 883 611 δὲ
899 545 948 611 καὶ
974 545 1129 624 Ἀθηναῖοι
1153 544 1250 611 στοὰν
1275 544 1336 609 ἆπδ
1412 560 1415 566 ’

180 626 343 735 χρήμθτων
358 652 378 715 δ
393 653 485 717 έν
445 676 484 734 τῳ
507 649 630 735 πολέμῳ
654 651 766 731 σφίσιν
790 649 910 732 ἐγένετο
932 650 993 714 ἀπό
1015 674 1048 714 τε
1073 650 1336 728 Πελοποννησίων

117 756 180 840 ·····
185 757 278 819 καῖ’
260 781 329 819 οσοι
357 756 620 832 Πελοποννησίοις
646 752 726 833 ήσαν
748 758 800 817 τοῦ
824 749 1008 832 Ελληνικοῦ
1037 752 1200 836 σύμμαχοι.
1262 751 1336 817 ἀνθ-

86 877 177 950 ‚···.,·
168 861 334 923 ικειταιδέ
319 855 401 922 ἒκαὶ
425 859 541 922 πλοίων
560 883 598 921 τα
585 856 691 935 δκρα
708 856 886 938 κοσμήματα
901 854 949 920 καὶ
964 857 1091 922 ἀσπίδες
1105 861 1230 939 χαλκαῖ·
1254 863 1288 919 τδ
1304 859 1336 922 δὲ

53 942 160 1057 ,50:213
184 962 355 1043 ἐπίγραμμα
375 967 410 1023 τὸ
433 958 479 1024 ἐπ’
500 959 600 1026 αὐτοῖς
621 961 792 1042 ἀριθμεῖ
760 986 813 1027 τας
834 961 940 1026 πόλεις
957 956 1046 1041 ἀφΗ
1026 987 1068 1024 ων
1083 961 1112 1023 οί
1127 959 1331 1037 Ἀθηναῖοι
1299 984 1337 1022 τα

44 1048 117 1160 λζ·
185 1065 341 1147 ἆκροθίνια
356 1063 551 1139 ἀπέστειλαν,
567 1063 622 1142 τήν
636 1089 669 1127 τε
691 1062 826 1128 Ἠλείων
850 1065 900 1128 καὶ
923 1062 1176 1144 Λακεδαιμονίων,
1200 1061 1337 1128 Σικυῶνά

185 1196 217 1234 τε
242 1167 290 1232 καὶ
314 1167 444 1251 Μέγαρα
459 1164 508 1231 καί
526 1166 704 1246 Πελληνέας
719 1166 861 1250 Ἀχαιῶν,
876 1164 1066 1247 Ἀμβρακίαν
1080 1192 1114 1232 τε
1135 1164 1183 1231 καὶ
1198 1167 1336 1231 Λευκάδα

187 1269 234 1337 καὶ
260 1272 350 1350 αὐτὴν
378 1273 534 1352 Κόρινθον
569 1269 713 1352 γενέσθαι
736 1271 769 1334 δέ
793 1272 854 1333 ἀπὸ
877 1276 937 1334 τῶν
959 1275 1133 1354 ναυμαχιῶν
1154 1269 1267 1334 τούτων
1288 1268 1337 1334 καί

187 1376 296 1440 θυσίαν
311 1379 415 1453 Θησεῖ
427 1370 475 1437 καὶ
491 1376 532 1458 τῷ
545 1377 715 1438 Ποσειδῶνι
736 1370 786 1436 ἐπὶ
801 1374 842 1458 τῷ
858 1371 1068 1457 ὀνομαζομένῳ
1088 1369 1166 1458 Ῥίῳ.
1212 1374 1263 1437 καί
1285 1400 1337 1453 μοι

188 1479 326 1559 φαίνεται
342 1477 376 1541 τδ
392 1477 564 1560 ἐπίγραμμα
584 1479 615 1543 ές
636 1478 796 1556 Φορμίωνα
817 1476 871 1540 τὸν
885 1476 1060 1558 Ἀσωπίχου
1076 1475 1223 1558 ἔχεινκαὶ
1240 1479 1270 1545 ές
1284 1482 1337 1541 τοῦ

188 1583 362 1663 Φορμίωνος
377 1584 413 1644 τὰ
429 1581 509 1662 ἔργα.

559 1689 724 1777 θ’ῖρίιίὶιιρ
744 1691 787 1757 in
810 1690 965 1776 Μορανίο.

233 1841 285 1896 87.
310 1828 410 1894 Thuc.
427 1829 448 1893 i.
468 1843 538 1911 105.
556 1829 673 1913 3-106.

232 1962 288 2015 88.
312 1949 410 2014 Diod.
434 1947 480 2013 xi.
504 1963 555 2031 79.
579 1967 618 2033 3:
653 1956 710 2013 Διὸ
736 1945 784 2013 καί
809 1947 904 2013 πάλιν
929 1954 989 2012 τῶν
1015 1951 1134 2015 πόλεων
1158 1951 1340 2032 ἐφαμίλλων

190 2060 254 2121 ταῖς
277 2054 421 2133 δυνάμεσι
441 2053 619 2134 γενομένων,
636 2051 685 2116 καὶ
702 2059 763 2116 τῶν
787 2054 952 2134 Κορινθίων
975 2052 1050 2133 μετὰ
1077 2057 1339 2134 Πελοποννησίων

190 2158 340 2240 ἀξιολόγῳ
373 2154 495 2235 δυνάμει
526 2153 774 2235 στρατευσάντων
803 2158 846 2222 είς
875 2155 930 2235 τὴν
968 2156 1152 2240 Μεγαρικήν,
1181 2156 1339 2238 Ἀθηναῖοι

191 2261 365 2341 συμμαχίαν
381 2260 521 2340 ἔπεμψαν
536 2264 598 2324 τοῖς
616 2262 817 2341 Μεγαρεῦσιν,
829 2258 865 2339 ἧς
880 2258 983 2343 ήγεῖτο
1000 2261 1184 2342 Μυρωνίδης,
1201 2262 1277 2344 ἀνὴρ
1292 2263 1338 2327 ἔπ’

191 2362 281 2451 ἀρετή
303 2363 533 2444 θαυμαζόμενος·
556 2360 720 2444 γενομένης
743 2364 777 2426 δέ
800 2361 993 2445 παρατάξεως
1019 2364 1146 2447 ίσχνρῖις
1168 2365 1219 2429 έπὶ
1241 2365 1340 2431 πολὺν

191 2469 310 2550 χρόνον,
325 2464 374 2530 καὶ
395 2469 458 2531 ταῖς
481 2465 694 2547 ἀνδραγαθίαις
718 2465 864 2548 ἑκατέρων
886 2465 1096 2548 έξισουμένων,
1116 2473 1341 2535 τὸτελευταῖον

191 2574 335 2650 ἐνίκησαν
350 2569 505 2648 Ἀθηναῖοι
521 2570 569 2632 καὶ
585 2569 721 2636 πολλοὺς
736 2570 857 2635 ἆνεῖλον
871 2577 931 2635 τῶν
946 2572 1109 2650 πολεμίων.
1154 2569 1204 2657 (4)
1223 2578 1300 2654 μετὰ
1315 2572 1342 2638 δ’

192 2677 299 2757 ὀλίγος
324 2674 435 2754 ἡμέρας
463 2671 557 2736 πάλιν
587 2671 747 2753 γενομένης
780 2675 905 2755 ίσχυρῖις
933 2676 1033 2758 μαχῆς
1062 2676 1095 2739 έν
1124 2677 1160 2762 τῇ
1188 2675 1340 2765 λεγομένῃ

194 2779 341 2862 Κιμωλίῳ,
357 2776 451 2840 πάλιν
467 2776 609 2854 ένίκησαν
622 2775 790 2855 Ἀθηναῖοι.

236 2881 269 2944 C.
287 2879 316 2943 I.
333 2879 376 2943 A.
393 2880 414 2942 i.
429 2899 503 2964 433.
550 2878 612 2943 See
626 2879 732 2944 above
748 2891 805 2945 80.

400 3077 696 3144 δαλοιίοῖαιοιιίαπ
717 3078 925 3164 Ενροθῖίῖονι
947 3086 979 3145 to
1000 3079 1134 3148 ΡΙιοίοῖο.

238 3229 293 3282 89.
318 3216 418 3282 Thue.
435 3218 456 3281 i.
476 3232 545 3296 107.
563 3235 592 3282 α.

239 3349 296 3403 90.
320 3335 418 3401 Diod.
439 3336 484 3400 xi.
503 3353 553 3420 79.
569 3358 610 3415 4:
633 3385 640 3402 .
660 3385 668 3402 .
685 3386 692 3401 .
711 3339 740 3400 οί
761 3340 878 3405 Φωκεῖς
894 3338 1102 3419 ἐνεστήσαντο
1118 3342 1253 3424 πόλεμον
1267 3343 1343 3426 πρὸς

196 3447 332 3523 Δωριεῖς,
357 3440 425 3507 τοὺς
452 3441 618 3522 προγόνους
643 3440 700 3520 μέν
722 3443 975 3522 Λακεδαιμονίων,
999 3445 1153 3511 οἰκοῦντας
1176 3449 1208 3509 δὲ
1236 3448 1342 3514 πόλεις

195 3551 282 3625 τρεῖς,
299 3545 438 3609 Κυτίνιον
456 3541 503 3607 καὶ
519 3543 609 3608 Βοιὸν
624 3545 673 3607 καὶ
695 3540 842 3623 Ἐρινεόν,
858 3544 995 3627 κειμένας
1017 3546 1076 3611 ὑπὸ
1099 3555 1151 3612 τὸν
1168 3549 1269 3630 λόφον
1290 3556 1344 3614 τδν

195 3649 417 3729 ὀνομαζόμενον
432 3648 627 3728 Παρνασσόν.
665 3645 712 3734 (5)
735 3654 769 3710 τὸ
784 3649 840 3727 μὲν
856 3647 908 3712 οὖν
919 3655 1037 3730 πρῶτον
1051 3651 1108 3734 βίῳ
1122 3650 1344 3734 χειρωσόμενοι

195 3756 263 3817 τοὺς
288 3754 424 3830 Δωριεῖς,
441 3750 591 3831 κατέσχον
612 3752 708 3815 αὐτῶν
730 3754 783 3818 τὰς
805 3753 921 3818 πόλεις·
940 3752 1015 3833 μετὰ
1036 3756 1068 3817 δὲ
1089 3758 1180 3823 ταῦτα
1196 3759 1343 3819 Λακεδαι-

195 3855 293 3934 μόνιοι
317 3855 372 3932 μὲν
397 3851 573 3934 Νικομήδην
597 3860 649 3918 τὸν
674 3855 863 3936 Κλεομένους
883 3854 1056 3938 ἐξέπεμψαν
1070 3856 1265 3938 βοηθήσοντα
1279 3863 1344 3926 τοῖς

198 3961 348 4037 Δωριεθσι
371 3955 421 4019 διὰ
446 3956 501 4035 τήν
528 3957 715 4039 συγγένειαν.
761 3957 826 4040 εἶχε
852 3957 877 4022 δ’
903 3959 988 4024 οὗτος
1013 3963 1266 4042 Λακεδαιμονίους
1288 3964 1345 4042 μὲν

196 4062 315 4143 χιλίους
337 4057 562 4137 πεντακοσίους,
578 4060 658 4140 παρὰ
681 4063 713 4124 δὲ
736 4065 796 4124 τῶν
818 4061 924 4125 ἄλλων
940 4066 1200 4140 Πελοποννησίων
1212 4065 1344 4145 μυρίους.

196 4161 245 4248 (6)
267 4162 353 4227 οὗτος
367 4163 423 4240 μὲν
438 4161 490 4225 οὖν
504 4163 663 4244 έπίτροπος
678 4161 721 4228 διν
737 4166 989 4232 Πλειστώνακτος
1005 4170 1055 4229 τοῦ
1069 4165 1225 4247 βασιλέως
1240 4166 1344 4233 παιδὸς

199 4267 293 4340 ὄντος,
308 4267 384 4344 μετὰ
402 4263 549 4347 τοσαύτης
574 4264 725 4347 δυνάμεως
741 4266 895 4348 ἐβοήθησε
919 4274 981 4335 τοῖς
998 4275 1158 4349 Δωριεῦσι,
1173 4269 1298 4350 νικήσας
1312 4274 1346 4335 δέ

197 4367 267 4433 τοὺς
296 4371 413 4433 Φωκεῖς
443 4369 492 4431 καὶ
522 4368 576 4436 τὰς
600 4369 706 4437 πόλεις
734 4370 979 4452 ἀνακτησάμενος
1005 4373 1073 4440 τούς
1099 4399 1132 4438 τε
1158 4378 1275 4440 Φωκεῖς
1297 4370 1347 4438 καί

199 4474 327 4551 Δωριεῖς
342 4469 514 4550 διήλλαξεν.
538 4539 541 4544 ,
