3000 5046
136 378 273 442 ουν-ινα]
543 368 877 429 BIOGRAPHICAL.
1228 385 1288 448 275

137 569 190 644 τῆς
207 569 392 632 Θουκυδίδου
407 568 455 631 καὶ
471 566 666 649 Περικλέους,
684 571 727 634 είς
742 567 794 633 ένα
808 565 1025 647 περιστήσεται
1042 574 1076 632 τδ
1093 568 1198 649 κρότος
1221 567 1289 649 παρ’

138 667 162 756 ᾧ
185 669 304 752 γένοιτο
322 676 357 733 τὸ
379 676 515 751 σημεῖον·
540 676 592 736 τὸν
612 669 639 735 δ’
654 668 860 753 Ἀναξαγόρου
880 676 933 734 τοῦ
957 671 1077 753 κρανίου
1095 672 1289 738 διακοπέντος

137 773 284 853 ἐπιδεῖξαι
314 780 367 840 τὸν
396 775 570 858 ἐγκέφαλον
601 775 635 838 οῦ
665 774 883 854 πεπληρωκότα
912 774 967 854 τήν
990 773 1095 854 βάσιν,
1123 773 1195 838 ἀλλ’
1217 774 1289 854 ὀξὺν

137 879 241 959 ὥσπερ
265 877 324 942 ὧδυ
348 880 380 942 ἐκ
405 883 456 942 τοῦ
476 879 589 946 παντὸς
610 879 736 961 ἀγγείου
755 879 1005 957 συνωλισθηκότα
1029 877 1102 941 κατὰ
1121 884 1174 943 τὸν
1196 879 1289 943 τόπον

137 984 263 1061 ἐκεῖνον,
288 983 360 1046 ὅθεν
389 981 406 1061 ή
435 983 504 1064 ῥίζα
529 987 582 1046 τοῦ
607 980 729 1064 κέρατος
756 981 820 1063 εἶχε
849 982 904 1060 τήν
930 979 1036 1064 ἀρχήν.
1067 980 1116 1046 καὶ
1140 984 1209 1047 τότε
1232 984 1289 1064 μὲν

137 1088 348 1164 θαυμασθῆναι
367 1085 420 1150 τὸν
435 1084 642 1168 Ἀναξαγόραν
660 1085 717 1150 ὑπὸ
737 1091 798 1151 τῦν
819 1086 985 1166 παρόντων,
1004 1086 1099 1172 θλίγιρ
1117 1085 1143 1151 δ’
1162 1088 1289 1169 ὕστερον

138 1194 190 1253 τὸν
211 1188 373 1268 Λθμπωυα,
389 1194 442 1253 τοῦ
461 1192 518 1266 μέν
536 1191 720 1254 Θουκυδίδου
739 1189 968 1268 καταλυθέντος,
989 1196 1050 1255 τιῦν
1072 1193 1105 1255 δέ
1126 1195 1179 1254 τοῦ
1197 1188 1290 1270 δήμου

138 1292 321 1374 πραγμάτων
339 1295 459 1371 ὁμαλῶς
474 1293 614 1357 ἁπάντων
628 1293 687 1357 ὑπὸ
702 1293 743 1380 τῷ
761 1298 906 1374 Περικλεῖ
918 1293 1098 1376 γενομένων.
1133 1294 1246 1359 ἐκόλνε
1264 1294 1302 1378 δ’Ι

138 1395 235 1474 οὐδέν,
252 1397 343 1475 οἶμαι,
359 1399 407 1460 καὶ
428 1403 482 1462 τὸν
499 1397 630 1478 φυσικὸν
651 1397 862 1481 ἐπιτυγχάνειν
880 1394 929 1461 καί
951 1398 1004 1462 τὸν
1025 1396 1143 1477 μόντιν,
1162 1403 1213 1461 τοῦ
1233 1403 1291 1479 μὲν

138 1501 194 1581 τὴν
209 1503 317 1580 αἰτίαν,
332 1507 384 1566 τοῦ
399 1506 432 1567 δέ
447 1509 482 1566 τὸ
503 1503 592 1570 τέλος
610 1510 712 1571 καλεῖς
734 1501 988 1584 ἐκλαμβάνοντος·
1011 1502 1150 1569 ὑπέκειτο
1166 1506 1225 1588 γδρ
1246 1502 1289 1590 τῷ

137 1606 204 1684 μέν,
234 1608 267 1669 ἐκ
291 1609 380 1671 τίνων
402 1607 509 1689 γέγονε
536 1603 583 1670 καὶ
607 1614 671 1674 πῶς
697 1606 824 1687 πέφυκε,
848 1611 1008 1688 θεωρῆσαι,
1032 1609 1074 1693 τῷ
1099 1605 1142 1685 δέ,
1167 1607 1242 1689 πρὸς
1261 1607 1292 1671 τί

138 1708 244 1792 γέγονε
266 1710 314 1773 καί
339 1709 369 1773 τί
391 1712 541 1790 σημαίνει,
564 1715 729 1794 προειπεῖν.
773 1711 803 1775 οῖ
830 1713 863 1775 δὲ
887 1714 940 1789 τῆς
967 1710 1062 1778 αἰτίας
1087 1710 1142 1791 τήν
1171 1711 1290 1793 εὕρεσιν

140 1813 293 1895 ἀναίρεσιν
308 1814 384 1878 εῖναι
403 1813 545 1896 λέγοντες
560 1819 612 1877 τοῦ
633 1814 761 1895 σημείου
781 1814 833 1877 οῦκ
849 1815 1025 1878 ἐπινοοῦσιν
1044 1813 1105 1896 δμα
1120 1820 1184 1879 τοῖς
1199 1814 1290 1880 θείοις

139 1914 187 1981 καὶ
197 1920 234 1980 τὰ
243 1918 373 2001 τεχνητὰ
385 1926 445 1983 τῶν
457 1918 624 1997 συμβόλων
639 1918 823 1996 ἀθετοῦντες,
832 1917 955 1999 ψόφους
970 1942 1003 1981 τε
1015 1917 1127 1981 δίσκων
1142 1918 1191 1981 καί
1203 1924 1290 1999 φῶτα

140 2028 263 2100 πυρσῶν
292 2019 341 2086 καὶ
364 2021 526 2105 γνωμόνων
553 2021 789 2098 ἀποσκιασμούς·
827 2023 870 2086 εῖν
896 2020 1027 2085 έκαστον
1051 2021 1131 2105 αἰτίη
1159 2022 1218 2085 τιυὶ
1241 2021 1290 2085 καὶ

140 2124 309 2211 κατασκευῇ
322 2130 449 2204 σημεῖον
464 2124 543 2189 εῖναί
559 2150 640 2191 τινος
656 2125 827 2207 πεποίηται.
859 2129 953 2189 ταῦτα
966 2127 1023 2205 μέυ
1037 2123 1090 2189 οῦν
1101 2124 1175 2191 ίσως
1188 2123 1290 2206 ἑτέρας

140 2228 207 2292 ἐστὶ
221 2229 432 2310 πραγματείας.

184 2374 250 2433 121.
282 2362 371 2428 Ιίκίιί.
403 2376 463 2448 35:
497 2363 580 2443 Ἤδη
613 2366 646 2428 δέ
682 2363 925 2445 πεπληρωμένων
958 2372 1020 2430 τῶν
1050 2371 1126 2430 νεῶν
1156 2366 1205 2429 καὶ
1238 2369 1291 2428 τοῦ

141 2467 324 2550 Περικλέους
353 2467 584 2547 ἀναβεβηκότος
614 2463 664 2530 ἐπὶ
692 2467 748 2547 τήν
773 2471 879 2532 ἑαυτοῦ
905 2465 1008 2549 τριήρη
1034 2474 1088 2533 τὸν
1116 2471 1173 2547 μέν
1202 2468 1292 2547 ήλιον

141 2573 275 2635 ἐκλιπεῖν
290 2569 404 2650 συνέβη
422 2568 470 2633 καὶ
485 2569 626 2653 γενέσθαι
643 2571 760 2648 σκότος,
776 2573 963 2653 ἐκπλαγῆναι
982 2573 1015 2636 δέ
1035 2570 1148 2638 πάντας
1164 2571 1204 2639 ἀς
1218 2576 1291 2652 πρὸς

138 2675 217 2757 μέγα
230 2680 365 2754 σημεῖον.
411 2674 488 2755 δρῦν
504 2672 556 2738 οῦν
571 2676 588 2738 θ
603 2677 755 2756 Περικλῆς
775 2675 947 2756 περίφοβον
967 2675 1020 2741 τὸν
1041 2673 1227 2758 κυβερνήτην
1242 2678 1291 2741 καὶ

140 2778 367 2859 διηπορημένον,
383 2776 496 2859 ἀνέσχε
517 2777 572 2857 τὴν
589 2778 730 2860 χλαμύδα
748 2784 805 2860 πρὸ
821 2780 874 2856 τῆς
890 2780 993 2860 ὅψεως
1011 2779 1110 2855 αὐτοῦ,
1127 2781 1178 2844 καὶ
1193 2804 1290 2860 παρα-

141 2882 279 2963 καλύψας
293 2880 440 2962 ήρότησε,
455 2878 496 2960 μή
519 2906 548 2943 τι
570 2878 702 2960 δεινὸνή
718 2887 818 2946 δεινοῦ
832 2887 913 2948 τινὸς
935 2886 1029 2946 οἴεται
1052 2887 1187 2963 σημεῖον·
1211 2882 1250 2949 ὣς
1266 2882 1291 2946 δ’

140 2985 192 3049 οῦκ
216 2985 287 3066 ἔφη,
302 2987 342 3047 Τι’
359 2985 424 3062 οῦν,
443 2984 536 3062 εἶπεν,
558 2986 655 3050 ἐκεῖνο
677 2985 784 3050 τούτου
805 2985 950 3067 διαφέρει,
966 2985 1048 3062 πλὴν
1069 2986 1116 3049 ότι
1137 2985 1240 3067 μεῖζόν
1262 3012 1292 3050 τι

140 3092 193 3167 τῆς
209 3089 362 3171 χλαμύδος
378 3084 444 3152 ἐστὶ
460 3093 494 3151 τὸ
509 3093 671 3165 πεποιηκὸς
687 3089 742 3168 τὴν
757 3089 976 3169 ἐπισκότησιν;
999 3094 1093 3154 ταῦτα
1106 3093 1162 3170 μέν
1182 3089 1236 3155 οῦν
1259 3093 1293 3155 ἐν

140 3198 205 3258 ταῖς
221 3197 351 3275 σχολαῖς
366 3191 488 3275 λέγεται
504 3200 566 3257 τῶν
581 3193 776 3274 φιλοσόφων.

183 3339 256 3393 122.
279 3328 348 3394 Cic.
371 3328 411 3393 dc
432 3349 467 3392 νο
486 3326 579 3411 petz.
602 3328 625 3392 i.
652 3327 698 3393 16.
724 3343 784 3410 25:
814 3330 925 3414 Atque
947 3329 1109 3394 eiusmodi
1132 3329 1291 3415 quiddam

140 3433 242 3497 etiam
264 3431 352 3496 bello
375 3431 432 3496 illo
455 3431 612 3507 maximo,
631 3432 720 3516 quod
742 3432 962 3497 Athenienses
984 3437 1018 3497 et
1040 3431 1292 3498 Lacedaemonii

139 3557 270 3601 summa
306 3536 394 3600 inter
430 3556 465 3599 se
507 3534 719 3600 contentione
759 3540 938 3620 gesserunt,
975 3532 1117 3599 Pericles
1155 3534 1223 3614 ille,
1259 3543 1293 3599 et

139 3639 336 3704 auctoritate
359 3646 394 3705 et
419 3639 609 3724 eloquentia
632 3645 666 3704 ct
687 3638 824 3703 consilio
848 3638 1004 3724 princeps
1032 3637 1181 3703 civitatis
1203 3659 1292 3718 suae,

140 3765 244 3829 quum
259 3743 433 3809 obscurato
448 3743 515 3808 sole
533 3741 689 3807 tenebrae
704 3741 809 3806 iactae
824 3745 934 3806 essent
950 3747 1095 3827 repente,
1107 3739 1292 3806 Athenien·

140 3848 289 3932 siumque
315 3848 446 3912 animos
473 3868 622 3912 summus
647 3845 750 3912 timor
776 3845 1013 3931 occupavisset,
1036 3843 1183 3910 docuisse
1208 3843 1291 3910 civis

141 3972 219 4016 suos
237 3951 359 4016 dicitur
375 3952 419 4031 id,
434 3950 522 4037 quod
540 3950 611 4035 ipse
630 3950 674 4015 ab
688 3950 897 4035 Anaxagora,
911 3949 1007 4015 cuius
1024 3947 1160 4014 auditor
1173 3947 1292 4027 iuerat·

140 4063 319 4138 acceperat,
342 4064 432 4120 coito
455 4053 538 4119 illud
561 4061 708 4138 tempore
729 4053 802 4117 fieri
824 4058 859 4118 et
880 4050 1072 4130 necessario,
1094 4072 1198 4137 quum
1221 4056 1294 4116 tota

141 4180 175 4222 se
197 4157 278 4222 luna
300 4159 362 4223 sub
385 4158 497 4223 orbem
519 4158 598 4223 solis
621 4157 829 4222 subiecisset:
856 4161 920 4221 etc.
944 4152 995 4220 ef.
1017 4154 1089 4221 Val.
1113 4155 1203 4221 Max.
1220 4154 1292 4219 viii.

144 4281 180 4325 11
199 4267 260 4327 cst.
280 4281 306 4327 1.

185 4411 256 4464 122.
296 4399 458 4465 Eusebius
487 4397 600 4488 (Syos.
628 4397 702 4484 483.
737 4397 808 4483 16):
841 4396 954 4460 Ἡλίου
983 4397 1133 4478 ἔκλειψις.
1177 4393 1292 4484 (Sym.

142 4500 303 4588 483.17):
326 4502 530 4585 Ἀναξαγόρας
553 4500 688 4582 θνήσκει.
734 4501 872 4566 Hieron.
894 4497 945 4565 Ol.
963 4513 1014 4586 79.
1030 4518 1067 4579 4:
1094 4496 1180 4564 Solis
1201 4498 1293 4565 fucta

686 4620 708 4669 'I'
725 4623 743 4673 2
