3000 5046
203 371 262 431 124
407 354 636 415 EXTERNAL
662 355 860 415 HISTORY
884 355 941 414 OF
961 354 1146 425 ATHENS,
1221 363 1282 429 [oh.
1294 365 1352 412 111.

201 553 360 628 συνθηκῶν
383 550 422 616 ῶς
447 550 616 634 γενομίνων
639 551 861 617 κατατέτακται.
907 548 986 634 φασὶ
1000 555 1034 617 δὲ
1050 547 1099 615 καί
1113 554 1219 631 βωμὸν
1235 547 1352 628 εἰρήνης

175 700 182 728 ,ι
200 655 251 719 διδ
266 658 358 719 ταῦτα
371 655 440 721 τοὺς
451 654 629 734 Ἀθηναίους
641 656 830 738 ἱδρύσασθαι,
842 653 891 720 καί
903 655 1042 720 Καλλίαν
1053 656 1108 719 τὸν
1118 652 1353 737 πρεσβεύσαντα

200 759 325 841 τιμῆσαι
340 759 551 839 διαφερόντως.

608 852 728 946 [Alter
749 856 789 944 of
804 857 939 924 Είτοτιο.

245 1003 312 1059 161.
336 991 434 1059 Corn.
451 993 537 1081 Nep.
555 992 697 1060 Τιόιοίίι.
716 1014 753 1063 οε
777 994 870 1060 Idem
892 994 991 1061 clessi
1011 990 1198 1082 praefectus
1213 991 1353 1058 circum-

201 1096 325 1162 vehens
350 1097 622 1185 Peloponnesum,
650 1099 834 1165 Laconicen
860 1099 1048 1185 populatus,
1075 1097 1214 1164 classem
1239 1117 1353 1161 corum

200 1200 357 1286 fugavit.
375 1251 382 1265 .
400 1251 408 1268 .
422 1200 471 1290 (2)
493 1224 559 1289 quo
570 1201 659 1269 fecto
670 1203 921 1268 Lacedaemonii
938 1252 946 1268 .
963 1253 970 1267 .
991 1224 1129 1289 .pecsm
1144 1250 1152 1266 .
1168 1251 1176 1265 .
1193 1250 1201 1265 .
1217 1199 1259 1264 iis
1271 1198 1353 1286 legi-

201 1303 263 1369 bus
285 1305 540 1386 constituerunt,
567 1312 606 1371 ut
627 1306 848 1372 Athenienses
874 1306 958 1372 meri
983 1307 1083 1372 duces
1106 1311 1225 1371 essent.
1270 1324 1354 1389 quee

201 1409 344 1474 victoria
362 1414 475 1475 tentae
490 1409 557 1475 fuit
570 1409 695 1476 Atticis
710 1408 856 1477 laetitiae
876 1417 914 1476 ut
929 1416 1002 1475 tum
1022 1411 1168 1497 primum
1182 1431 1258 1474 eree
1275 1407 1353 1472 Paci

201 1502 333 1600 pnblice
348 1513 417 1580 sint
431 1513 548 1592 fectae,
563 1513 660 1601 eique
676 1514 755 1582 deae
770 1513 929 1600 pulvinar
946 1515 991 1581 sit
1006 1514 1208 1581 institutum.

246 1645 316 1700 161.
339 1635 397 1698 Ar.
413 1634 490 1701 Pac
509 1655 609 1720 1019:

462 1741 530 1824 Οὐχ
544 1741 649 1820 ἥδεται
667 1738 815 1821 δήπουθεν
831 1739 943 1826 Εἰρήνη
959 1745 1094 1825 σφαγαῖς

462 1842 522 1911 οὐδ’
538 1845 713 1924 αἱματοῦται
727 1839 858 1933 βωμός]

245 1974 315 2029 166.
339 1962 426 2028 Plut.
443 1964 530 2029 Cim.
550 1983 607 2043 19:
631 1970 809 2049 Περσῶν..
826 2012 833 2030 .
850 1967 892 2031 ῶν
906 1966 974 2031 οὐδὲ
995 1964 1246 2049 γραμματοφόρος
1267 1963 1354 2027 κατέ·

202 2074 310 2145 βαινεν
333 2066 394 2132 οὐδ’
418 2069 510 2135 ἵππος
530 2069 603 2150 πρὸς
627 2068 770 2157 θαλάσσῃ
791 2071 992 2151 τετρακοσίων
1016 2071 1148 2137 σταδίων
1168 2069 1250 2135 ε’ντδς
1265 2067 1353 2148 ῶφθη

203 2177 440 2254 στρατηγοῦντος
458 2173 606 2253 Κίμωνος.

245 2301 319 2356 164.
343 2290 479 2356 Suidas:
503 2293 650 2371 Καλλίας,
672 2295 689 2358 ό
712 2294 945 2360 Λακκόπλουτος
971 2293 1152 2372 ἐπικληθείς,
1179 2300 1355 2375 στρατηγῶν

201 2401 275 2477 πρὸς
289 2393 492 2478 Ἀρταξέρξην
507 2396 575 2463 τοὺς
590 2393 640 2462 ἐπί
656 2400 794 2478 Κίμωνος
810 2403 871 2463 τῶν
886 2403 1026 2463 σπονδῶν
1040 2397 1233 2478 ἐβεβαίωσεν
1248 2397 1342 2476 ὅρους.

245 2527 317 2581 165.
339 2514 414 2581 Ῑιί.;
449 2519 577 2598 Κίμων.
595 2566 602 2581 .
620 2515 731 2584 .οδτος
756 2518 843 2599 ἔταξε
868 2520 917 2584 καὶ
939 2519 1007 2584 τοὺς
1033 2519 1119 2600 ὅρους
1145 2522 1206 2583 τοῖς
1232 2516 1354 2598 βορβό-

201 2644 274 2704 ροις·
299 2623 383 2688 ἐκτός
397 2647 431 2688 τε
446 2621 504 2705 γὰρ
519 2622 661 2687 Κυανέων
673 2625 722 2687 καὶ
739 2622 928 2688 Χελιδονίων
945 2624 994 2688 καὶ
1009 2620 1194 2701 Φασήλιδος·
1217 2622 1306 2685 πόλις
1322 2622 1356 2684 δὲ
1467 2625 1469 2629 ’

203 2726 277 2807 αὑτὴ
302 2729 355 2805 τῆς
380 2728 573 2809 Παμφυλίας·
596 2731 670 2791 ναῶν
690 2726 829 2807 Μηδικήν
848 2727 889 2807 μή
911 2734 1000 2792 πλεῖν
1021 2727 1101 2812 νόμῳ
1122 2725 1266 2806 πολέμου,
1280 2729 1355 2805 μηδὲ

202 2832 297 2896 ίππου
327 2831 435 2913 δρόμον
465 2831 574 2912 ἡμέρας
604 2831 688 2898 ἐντὸς
719 2834 769 2896 ἐπὶ
804 2830 957 2897 θάλατταν
987 2831 1181 2911 καταβαίνειν
1208 2828 1356 2910 βασιλέα·

203 2935 384 3011 αὐτονόμους
398 2959 431 2999 τε
447 2935 523 2999 εῖναι
542 2935 610 3002 τοὺς
621 2934 778 3014 Ἕλληνας
795 2935 863 3001 τοὺς
880 2936 913 3000 ἓν
928 2960 964 3022 τη
979 2932 1080 3020 Ἀσίη.

247 3066 321 3120 166.
345 3055 525 3142 Lycurgus,
543 3055 585 3120 itt
603 3054 712 3120 Leocr.
730 3071 790 3140 73:
814 3058 874 3121 Καὶ
890 3056 925 3120 τὸ
941 3055 1110 3137 κεφάλαιον
1125 3057 1176 3134 τῆς
1192 3056 1274 3132 νίκης
1290 3051 1355 3140 (τῆς

205 3159 251 3224 ἐπ’
269 3157 489 3246 Εὐρυμέδοντι),
505 3160 539 3224 οὔ
555 3159 589 3224 τὸ
610 3162 643 3225 ίν
664 3164 812 3243 Σαλαμῖνι
826 3160 970 3242 τρόπαιον
985 3156 1197 3242 ἀγαπήσαντες
1212 3158 1357 3236 ἔστησαν,

205 3263 276 3327 ἄλλ’
299 3264 384 3345 ὅρους
403 3269 466 3330 τοῖς
492 3263 663 3346 βαρβάροις
688 3263 838 3344 πήξαντες
862 3264 931 3331 τοὺς
957 3265 998 3329 είς
1025 3263 1080 3343 τήν
1105 3262 1279 3349 ἐλευθερίαν
1304 3264 1358 3339 τῆς

204 3366 365 3446 Ελλόδος,
382 3364 431 3432 καί
446 3369 566 3434 τούτους
583 3369 773 3436 κωλύσαντες
789 3370 993 3451 υτερβαίνειν,
1010 3365 1159 3446 συνθήκας
1176 3363 1357 3444 ἐποιήσαντο

205 3473 307 3558 μακρῷ
330 3476 386 3553 μὲν
410 3473 508 3557 πλοίιρ
531 3499 572 3553 μη
597 3477 688 3538 πλεῖν
712 3476 795 3539 ἐντὸς
817 3472 960 3538 Κυανέων
981 3497 1030 3536 και
1019 3469 1231 3550 Φασήλιδος,
1246 3468 1358 3535 τουςδ’

201 3573 357 3656 Ἕλληνος
381 3575 560 3655 αιἰτονόμους
585 3577 728 3656 εῖναι,
693 3604 734 3658 μη
756 3578 850 3659 μόνον
869 3576 937 3642 τοὺς
958 3603 1014 3673 την
1032 3575 1178 3657 Εὗρῶιτην
1202 3575 1285 3637 δλλδ
1309 3575 1357 3636 καὶ

206 3679 272 3745 τοὺς
287 3707 343 3760 την
357 3677 466 3744 Ἀσίαν
482 3686 702 3747 κατοικοῦντας.

405 3866 569 3954 Ενιδαιοη
590 3868 628 3946 ον’
645 3868 793 3935 Kallias.
838 3869 1009 3955 Seppocet
1033 3867 1155 3936 Terms.

251 4019 321 4075 167.
346 4007 428 4073 Hdt.
444 4007 502 4073 vii.
522 4023 593 4093 151.

567 4194 648 4286 [Pte
670 4196 757 4263 three
778 4197 871 4284 deys'
894 4197 996 4264 ίίἰιιίί.

252 4294 326 4348 166.
349 4284 431 4350 Hdt
448 4307 481 4350 v.
497 4302 550 4369 54.

250 4385 336 4452 Xen.
352 4387 482 4455 Ηοίίοο.
498 4388 545 4453 iii.
564 4409 593 4456 2.
613 4383 677 4477 11.]

250 4516 326 4575 166.
350 4506 450 4576 Diod.
466 4509 525 4574 xii.
540 4529 570 4591 4.
586 4529 626 4591 4:
648 4508 849 4593 Ἀρταξέρξης
873 4515 906 4577 δὲ
927 4512 944 4575 ό
963 4509 1114 4592 βασιλεὺς
1137 4509 1301 4590 πυθόμενος
1323 4511 1359 4569 τὰ
