3000 5046
238 371 299 432 292
485 353 654 415 SPARYA
681 353 775 412 ΛΝΒ
799 351 1143 412 PELoPONNESOS.
1250 359 1395 424 [olum

240 552 405 630 ἀνθρώπων
426 550 538 630 πλήθει
564 557 599 616 τδ
615 552 727 634 Ἀργος
747 549 921 631 ἐπηύξησαν
944 549 1166 614 καταλύσαντες
1189 548 1321 628 Τίρυνθα
1344 547 1395 610 καὶ

237 652 346 722 Ὑσιάς
365 680 398 720 τε
419 652 467 720 καὶ
483 656 610 738 Ὀρνεάς
632 657 680 719 καὶ
702 654 847 734 Μυκήνας
871 654 920 719 καὶ
936 656 1067 718 Μίδειαν
1090 653 1139 716 καὶ
1158 655 1185 717 εί
1203 651 1239 731 δή
1259 677 1286 715 τι
1311 652 1395 715 άλλο

239 760 376 839 πόλισμα
391 760 443 823 οόκ
459 758 623 843 άξιόλογον
638 762 671 824 ἐν
685 760 723 846 τῇ
735 759 893 841 Ἀργολίδι
908 758 956 838 ἦν,
972 756 1009 820 τά
1024 783 1057 822 τε
1073 757 1133 821 άπὸ
1149 755 1395 835 Λακεδαιμονίων

238 863 400 946 ἀδεέστερα
417 868 480 930 τοῖς
495 863 646 946 Ἀργείοις
660 862 833 944 ὑπάρξαντα
850 863 899 926 καὶ
911 862 973 942 ἅμα
988 865 1018 929 ἐς
1035 861 1103 929 τοὺς
1118 862 1285 943 περιοίκους
1302 859 1395 942 ίσχὺν

238 969 402 1050 γενομένην
417 968 526 1034 αὐτοῖς.

282 1115 332 1170 18.
356 1105 443 1171 Plut.
461 1105 501 1170 de
515 1103 602 1171 Mul.
616 1104 694 1170 υίιύ.
710 1125 732 1183 4
747 1102 837 1192 (ΕΜ.
855 1119 917 1186 245
934 1102 990 1191 F):
1014 1104 1286 1186 Ἐπανορθούμενοι
1295 1104 1328 1166 δέ
1337 1102 1395 1182 τὴν

238 1209 443 1293 ὀλιγανδρίαν,
475 1210 539 1293 οὐχ,
567 1209 607 1277 ὧς
630 1208 795 1291 Ἡρόδοτος
822 1211 946 1289 ἱστορεῖ,
971 1213 1035 1275 τοῖς
1062 1209 1193 1285 δούλοις,
1224 1206 1305 1272 ὀλλὰ
1331 1213 1395 1274 τῶν

238 1315 395 1395 περιοίκων
429 1314 628 1394 ποιησάμενοι
660 1315 786 1380 πολίτας
830 1312 897 1379 τοὺς
930 1314 1080 1394 άρίστονς,
1118 1310 1292 1397 συνῴκισαν
1336 1314 1393 1379 τὰς

238 1443 390 1501 γνναικας.

282 1555 455 1622 1⁰·Th110·
480 1577 512 1622 v.
542 1575 592 1638 27·
624 1574 662 1633 23
691 1556 741 1621 28·
772 1574 810 1634 13
843 1574 893 1639 31·
922 1556 962 1630 ⁶3
987 1573 1041 1634 44·
1070 1568 1180 1634 1347·
1203 1573 1243 1637 93
1269 1568 1321 1636 59·
1349 1566 1391 1635 53

240 1677 290 1744 72.
306 1682 337 1740 4.

284 1809 340 1862 20.
364 1798 504 1875 Aeneae,
518 1795 607 1862 Τααί.
618 1796 661 1860 xi.
674 1799 711 1859 8:
735 1798 843 1861 Εῖπεῖν
858 1799 891 1860 δέ
906 1795 987 1860 άλλα
1002 1821 1035 1861 τε
1047 1798 1096 1861 καὶ
1111 1797 1157 1860 ὅτι
1174 1798 1329 1878 συμφέρον
1344 1799 1393 1875 είη

238 1901 323 1988 ἐντῇ
341 1901 469 1987 ἐπιούσῃ
486 1899 568 1965 νυκτί
587 1900 645 1965 σὺν
664 1904 727 1968 τοῖς
749 1901 858 1967 ὅπλοις
876 1898 989 1965 πάντας
1013 1901 1121 1999 ὁμοίιος
1144 1904 1283 1981 παρεῖναι
1302 1900 1337 1964 ἐν
1354 1925 1392 1984 τῃ

238 2006 327 2069 αὑτοῦ
342 2005 428 2091 φυλῇ
440 2005 493 2069 ίνα
506 2005 644 2069 ἐκαστον.

282 2151 330 2207 21.
352 2142 453 2206 Arist.
464 2140 537 2208 Pol.
547 2140 616 2206 viii.
626 2138 685 2230 (v.)
696 2139 730 2205 ii.
743 2137 803 2228 (2.)
814 2161 845 2220 4.
858 2158 941 2225 1302
953 2140 976 2206 b
995 2142 1053 2207 18:
1077 2148 1134 2206 Διδ
1150 2145 1273 2225 ἐνιαχοῦ
1285 2142 1393 2208 είιίθα·

239 2271 289 2310 σιν
307 2246 503 2328 ὀστρακίζειν,
520 2248 586 2311 οἶον
601 2248 635 2310 ἐν
647 2246 752 2330 Ἀργει
769 2243 817 2310 καί
831 2244 1007 2325 Ἀθήνησιν.

282 2395 335 2448 22.
361 2382 471 2448 Schol.
487 2384 543 2447 Ar.
556 2384 616 2469 Eq.
629 2384 710 2466 855:
733 2383 780 2448 Ού
797 2385 891 2463 μόνον
906 2386 938 2449 δέ
953 2382 1109 2465 Ἀθηναῖοι
1125 2384 1391 2467 ὠστρακοφόρουν,

238 2487 320 2552 άλλὰ
335 2486 385 2552 καὶ
401 2488 535 2569 Ἀργεῖοι
552 2487 600 2552 καί
616 2486 767 2566 Μιλήσιοι
783 2486 831 2552 καί
847 2492 1010 2572 Μεγαρεῖς.

499 2691 595 2758 Wars
617 2691 700 2757 with
721 2690 882 2778 Mykenai
905 2693 977 2758 οοιά
1002 2692 1135 2780 Tiryns.

282 2839 335 2894 2³.
358 2826 456 2894 Diod.
467 2828 513 2894 xi.
526 2829 589 2911 65:
613 2829 701 2894 Μετὰ
716 2831 748 2894 δέ
764 2835 857 2894 ταῦτα
865 2829 1019 2911 Ἀθήνησι
1033 2834 1090 2912 μὲν
1105 2831 1143 2911 ἦν
1156 2833 1259 2916 ἅρχων
1270 2837 1390 2915 Θεαγε-

237 2934 347 3013 νείδης,
365 2981 372 2996 .
390 2981 397 2997 .
415 2981 422 2996 .
443 2934 592 3013 ὀλυμπιὰς
611 2933 637 2997 δ’
656 2931 735 3017 ἤχθη
758 2936 968 3015 ἑβδομηκοστὴ
991 2934 1039 3000 καὶ
1054 2937 1156 3017 ὀγδόη,
1172 2936 1236 3001 καθ’
1251 2935 1289 3015 ἣν
1305 2938 1390 3002 ἐνίκα

238 3036 364 3102 στάδιον
387 3039 577 3118 Παρμενίδης
601 3036 856 3117 Ποσειδωνιάτης.
902 3038 952 3103 ἐπὶ
973 3041 1006 3103 δέ
1032 3039 1143 3105 τούτων
1162 3037 1317 3123 Ἀργείοις
1341 3041 1391 3105 καὶ

238 3142 424 3218 Μυκηναίοις
438 3140 543 3220 ἐνέστη
558 3142 692 3220 πόλεμος
708 3144 758 3205 διὰ
769 3141 907 3209 τοιαύτας
919 3144 1026 3209 αἰτίας.
1059 3141 1108 3230 (2)
1119 3148 1285 3222 Μυκηναῖοι
1296 3143 1345 3209 διὰ
1354 3145 1391 3210 τὸ

237 3249 370 3309 παλαιὸν
391 3243 507 3326 άξίωμο
533 3247 586 3322 τῆς
613 3246 688 3312 ίδίας
715 3247 856 3326 πατρίδος
880 3244 937 3328 ούχ
964 3245 1113 3326 ὑπήκουον
1139 3250 1202 3314 τοῖς
1226 3245 1393 3332 Ἀργείοις,

237 3347 340 3429 ὥσπερ
356 3350 388 3412 αί
403 3347 508 3413 λοιπαὶ
523 3348 628 3415 πόλεις
642 3350 674 3412 αἱ
689 3347 764 3413 κατὰ
778 3348 832 3428 τὴν
846 3347 1003 3431 Ἀργείαν,
1019 3350 1101 3414 άλλὰ
1117 3350 1180 3415 κατ’
1190 3352 1269 3416 ίδίαν
1283 3353 1387 3415 ταττό-

236 3477 322 3531 μενοι
345 3456 409 3518 τοῖς
431 3450 585 3534 Ἀργείοις
610 3453 644 3516 ού
667 3456 842 3535 προσεῖχον·
866 3452 1083 3535 ἠμφισβήτουν
1106 3457 1139 3518 δέ
1163 3451 1211 3518 καὶ
1237 3456 1306 3536 περὶ
1329 3461 1391 3522 τῶν

238 3557 326 3635 ίερῶν
345 3558 399 3633 τῆς
416 3553 525 3636 Ἥρας,
542 3555 591 3618 καὶ
614 3560 666 3619 τδν
689 3555 791 3636 άγῶνα
809 3562 870 3620 τῶν
890 3556 1014 3634 Νεμέων
1030 3555 1134 3636 ἠξίουν
1154 3555 1237 3622 αὐτοὶ
1258 3563 1390 3624 διοικεῖν·

237 3663 311 3739 πρὸς
326 3662 359 3723 δέ
375 3659 491 3726 τούτοις
507 3653 586 3745 [ὅτι]
609 3664 670 3723 τῶν
685 3656 836 3741 Ἀργείων
854 3659 1080 3741 ψηφισαμένων
1097 3660 1138 3741 μὴ
1155 3666 1323 3744 συμμαχεῖν
1345 3663 1391 3729 είς

238 3762 439 3843 Θερμοπύλας
455 3766 517 3827 τοῖς
532 3763 787 3841 Λακεδαιμονίοις,
806 3765 860 3827 ἐὰν
875 3763 915 3842 μὴ
929 3762 1016 3844 μέρος
1037 3767 1088 3841 τῆς
1110 3764 1272 3848 ἡγεμονίας
1287 3765 1389 3832 αὐτοῖς

237 3869 404 3946 παραδῶσι,
429 3866 517 3944 μόνοι
542 3871 604 3929 τῶν
628 3865 685 3945 τὴν
707 3865 851 3948 Ἀργείαν
875 3869 1092 3933 κατοικούντων
1119 3868 1337 3952 συνεμάχησαν
1359 3872 1389 3934 οί

238 3972 407 4046 Μυκηναῖοι
418 3973 481 4034 τοῖς
493 3969 746 4047 Λακεδαιμονίοις.
792 3964 839 4055 (3)
848 3970 882 4032 τὸ
893 3973 926 4034 δέ
936 3972 1068 4037 σύνολον
1082 3973 1258 4037 ύπιύπτευον
1272 3973 1389 4049 αύτούς,

236 4070 351 4150 μήποτε
374 4070 557 4152 ἰσχύσαντες
581 4070 631 4138 ἐπὶ
653 4071 750 4138 πλέον
775 4077 827 4152 τῆς
851 4073 1013 4155 ἡγεμονίας
1041 4077 1303 4164 άμφισβητήσωσι
1325 4081 1390 4144 τοῖς

236 4173 389 4256 Ἀργείοις
404 4175 453 4239 διὰ
470 4173 505 4239 τδ
525 4176 658 4241 παλαιὸν
678 4177 819 4259 φρόνημα
836 4181 888 4257 τῆς
907 4179 1035 4246 πόλεως.
1081 4177 1130 4244 διὰ
1150 4179 1186 4258 δὴ
1204 4180 1312 4247 ταύτας
1334 4183 1392 4247 τὰς

236 4277 333 4344 αίτίας
355 4278 523 4359 ἀλλοτρίως
545 4282 735 4358 διακείμενοι,
755 4279 851 4344 πάλαι
870 4282 927 4361 μέν
950 4284 1097 4347 ἔσπευδον
1117 4284 1187 4364 δραι
1210 4283 1266 4362 τὴν
1286 4283 1388 4361 πόλιν,

235 4380 306 4446 τάτε
320 4383 352 4446 δέ
368 4381 471 4463 καιρὸν
486 4381 608 4446 εὔθετον
630 4383 714 4466 ἐχειν
734 4384 881 4465 ἐνόμιζον,
897 4386 1025 4466 ὁρῶντες
1046 4385 1116 4453 τοὺς
1136 4387 1391 4469 Λακεδαιμονίους

235 4484 506 4566 τεταπεινωμένους
522 4482 571 4549 καὶ
584 4484 625 4566 μὴ
646 4485 826 4566 δυναμένους
845 4492 909 4556 τοῖς
925 4491 1109 4567 Μυκηναίοις
1122 4494 1260 4570 βοηθεῖν.
1284 4491 1389 4574 άθροί·
