3000 5046
190 364 252 428 252
603 348 936 409 BIOGRAPHICAL.
1220 357 1283 424 [οτι.
1292 360 1346 409 V1.

193 548 209 609 δ
228 547 327 628 τυχὼν
349 543 528 627 ἀγνοήσειεν
549 546 595 607 ότι
618 548 801 611 πέπλασται.
848 547 1001 625 Διόδωρος
1025 545 1051 609 δ’
1073 545 1089 606 ό
1111 544 1295 626 περιηγητής
1313 545 1348 607 έν

193 653 256 715 ταῖς
280 645 357 728 Περὶ
381 649 542 729 μνημάτων
566 649 682 728 εἴρηκεν
704 649 743 715 ὡς
765 651 902 713 ὑπονοῶν
923 653 1044 727 μᾶλλον
1067 644 1085 725 ῆ
1109 648 1277 730 γινώσκων,
1299 647 1347 710 ότι

193 754 261 835 περὶ
282 754 335 817 τὸν
357 752 454 836 μέγαν
475 756 584 832 λιμένα
609 759 663 817 τοὺ
686 759 836 835 Πειραιῶς
863 754 923 817 άπὸ
947 757 999 817 τοὺ
1026 750 1101 817 κατά
1127 752 1180 816 τὸν
1198 749 1348 829 Ἀλκιμαν

193 857 375 939 άκρωτηρίου
398 857 552 938 πρόκειταί
571 883 617 924 τις
644 859 708 921 οίον
734 858 842 939 ἆγκιόν,
866 860 915 921 καὶ
939 856 1094 939 κάμψαντι
1120 863 1225 920 τοῦτον
1252 855 1347 930 έντός,

192 957 211 1048 ᾖ
234 961 269 1024 τὸ
291 961 431 1025 ὑπεύδιον
456 964 510 1040 τῆς
537 959 695 1041 θαλάττης,
723 962 825 1043 κρηπίς
853 964 938 1025 ἔστιν
968 960 1129 1040 εὐμεγέθης
1153 959 1256 1023 καὶτὸ
1279 955 1349 1039 περί

194 1064 287 1146 αὑτήν
301 1068 468 1144 βωμοειδὲς
482 1063 580 1146 τάφος
595 1069 647 1127 τοὺ
664 1065 919 1145 Θεμιστοκλέους.
969 1068 1064 1129 οίεται
1080 1068 1112 1128 δὲ
1130 1065 1178 1127 καὶ
1193 1062 1349 1127 Πλάτωνα

195 1173 247 1231 τδν
263 1174 392 1248 κωμικὸν
408 1167 486 1253 ‹dms›
502 1173 663 1249 μαρτυρεῖν
678 1173 711 1233 έν
727 1168 851 1235 τούτοις·

368 1269 405 1337 Ὁ
429 1279 483 1339 σδς
506 1274 539 1336 δὲ
561 1273 677 1353 τύμβος
699 1275 732 1337 έν
756 1270 837 1357 καλῷ
860 1270 1052 1356 κεχωσμένος

369 1380 433 1442 τοῖς
454 1378 596 1457 ἐμπόροις
618 1377 788 1459 πρόσρησις
811 1376 898 1439 ἔσται
920 1380 1084 1458 πανταχοῦ,

370 1480 437 1546 τούς
458 1478 484 1544 τ’
508 1479 689 1548 ἐκπλέοντας
712 1479 912 1546 εἰσπλέοντάς
934 1479 960 1543 τ’
983 1480 1102 1560 όψεται,

379 1584 524 1668 χὺπότον
547 1584 662 1667 άμιλλα
684 1590 744 1648 τῶν
766 1590 842 1648 νεῶν
865 1583 1015 1648 θεάσεται.

196 1691 260 1753 τοῖς
278 1687 304 1751 δ’
319 1689 377 1751 ἀπὸ
397 1689 502 1767 γένους
521 1694 573 1751 τοῦ
589 1690 834 1766 Θεμιστοκλέους
850 1688 898 1751 καὶ
920 1688 1005 1765 τιμαί
1027 1711 1106 1752 τινες
1129 1688 1162 1750 έν
1183 1684 1351 1768 Μαγνησίᾳ

197 1792 422 1874 φυλαττόμεναι
436 1792 525 1873 μέχρι
539 1798 599 1855 τῶν
614 1791 766 1873 ἡμετέρων
780 1792 898 1874 χρόνων
914 1790 1001 1870 ήσαν,
1017 1791 1052 1856 ἃς
1068 1790 1236 1872 έκαρποὺτο
1253 1791 1349 1866 Θεμι-

198 1899 327 1974 στοκλῆς
343 1895 512 1974 Ἀθηναῖος,
534 1894 678 1976 ῆμέτερος
700 1895 831 1974 συνήθης
853 1896 903 1958 καὶ
925 1895 1017 1975 φίλος
1039 1892 1109 1974 παρ’
1128 1893 1285 1977 Ἀμμωνίῳ
1307 1889 1352 1977 τῷ

198 1998 365 2084 φιλοσόφῳ
387 2001 557 2083 γενόμενος.

242 2129 289 2184 31.
313 2118 401 2184 Ρίιιδ.
424 2119 466 2184 de
490 2118 570 2182 Her.
594 2118 673 2184 mal.
696 2134 716 2201 5
736 2115 825 2205 (Είίι.
844 2117 906 2199 855
923 2114 950 2179 F
952 2116 985 2203 J:
1005 2116 1129 2197 Ὥσπερ
1152 2116 1258 2195 άμέλει
1282 2113 1350 2196 περὶ

198 2224 444 2302 Θεμιστοκλέους
465 2222 599 2304 Ἔφορος
620 2226 675 2303 μέν
699 2224 802 2300 εἰπόν,
830 2225 876 2285 ότι
903 2222 959 2301 τήν
982 2222 1159 2285 Παυσανίου
1185 2221 1352 2302 προδοσίαν

199 2327 277 2408 ἔγνω
294 2328 342 2389 καὶ
360 2325 396 2389 τὰ
414 2327 612 2408 πρασσόμενα
629 2332 703 2409 πρὸς
718 2326 785 2392 τοὺς
800 2326 955 2405 βασιλέως
975 2325 1170 2407 στρατηγούς,
1184 2330 1201 2359 “
1212 2324 1281 2388 ἀλλ’
1297 2323 1351 2387 οὑκ

200 2429 355 2509 ε’πείσθη,”
374 2431 482 2511 φησίν,
497 2430 591 2495 “ούδὲ
606 2429 809 2512 προσεδέξατο
831 2428 1022 2503 κοινουμένου
1041 2428 1089 2493 καὶ
1108 2431 1352 2510 παρακαλοῦντος

199 2532 290 2597 αὑτὸν
313 2535 361 2596 ἐπὶ
383 2537 436 2599 τὰς
457 2533 548 2600 αὑτὰς
568 2533 729 2600 έλπίδας·”
775 2533 958 2608 Θουκυδίδης
977 2536 1009 2597 δὲ
1025 2535 1073 2596 καὶ
1088 2539 1123 2596 τδ
1138 2532 1279 2612 παράπαν
1298 2537 1352 2594 τὸν

198 2642 294 2722 λόγον
310 2645 416 2704 τοῦτον
431 2641 471 2708 ὑς
488 2643 681 2723 κατεγνωκὼς
697 2645 837 2723 παρῆκεν.

244 2789 297 2843 32.
321 2777 376 2842 Id.
399 2778 439 2842 de
465 2800 535 2865 cap.
560 2800 598 2843 ενα
619 2778 722 2843 inim.
749 2778 827 2844 αίίί.
855 2778 875 2840 6
902 2776 993 2866 (Em.
1011 2778 1050 2860 89
1062 2775 1122 2861 F):
1147 2780 1354 2856 Θεμιστοκλεῖ

201 2886 233 2947 δὲ
249 2883 426 2949 Παυσανίας
440 2888 533 2962 μηδὲν
547 2885 698 2947 άδικοὺντι
715 2884 940 2965 προσετρίψατο
955 2883 1010 2959 τῆν
1025 2881 1161 2964 ὑποψίαν
1176 2882 1226 2958 τῆς
1243 2885 1351 2961 προδο-

201 2988 270 3052 σίας
293 2991 342 3050 διὰ
364 2993 398 3050 τδ
420 2992 555 3069 χρῆσθαι
577 2990 661 3073 φίλιρ
685 2991 734 3052 καὶ
755 2988 883 3069 γράφειν
905 2991 1040 3067 συνεχῶς
1063 2987 1109 3048 καὶ
1129 2985 1257 3064 πέμπειν
1278 2984 1353 3064 πρὸς

200 3090 299 3156 αὑτόν.

246 3224 298 3277 33.
321 3213 465 3279 Ατίυίοό.
485 3214 531 3279 vi.
547 3213 597 3300 (F.
617 3214 661 3278 H·
681 3212 717 3278 G.
730 3237 762 3279 v.
778 3236 810 3300 p.
827 3211 879 3301 9):
902 3214 939 3277 Ὀ
961 3217 992 3279 δὲ
1008 3214 1220 3293 Θεμιστοκλῆς
1235 3213 1285 3275 διδ
1298 3210 1354 3289 τήν

201 3319 459 3398 ὑπερβάλλουσαν
480 3319 605 3385 σύνεσιν
628 3317 676 3382 καὶ
700 3321 808 3399 άρετῆν
831 3315 993 3400 φθονηθεὶς
1017 3317 1182 3398 έξεδιόχθη
1209 3315 1268 3378 ὑπδ
1293 3319 1354 3378 τῶν

201 3422 381 3502 Ἀθηναίων,
395 3421 444 3486 καί
458 3424 639 3506 παρεγένετο
656 3425 698 3490 είς
709 3421 830 3506 Ἄργος.

245 3560 299 3625 Id.
309 3581 343 3624 x.
354 3557 396 3646 (p.
407 3560 472 3644 12):
489 3562 718 3640 Λακεδαιμόνιοι
731 3560 772 3639 δέ,
785 3560 888 3638 ἐπειδὴ
904 3563 942 3624 τὰ
952 3564 1005 3624 τοῦ
1018 3557 1194 3622 Παυσανίου
1206 3556 1352 3620 έπονειδί-

204 3691 283 3731 στως
298 3663 486 3747 ἐκεχωρήκει,
498 3667 567 3731 τοὺς
579 3662 753 3745 Ἀθηναίους
765 3666 886 3729 ἔπειθον
901 3663 1042 3744 λέγοντες
1053 3664 1087 3727 έν
1101 3667 1166 3728 τοῖς
1178 3660 1354 3725 Παυσανίου

203 3770 381 3836 έπιστολοῖς
405 3774 549 3832 κοινωνὸν
573 3768 727 3849 εὑρηκέναι
748 3770 800 3845 τῆς
823 3767 985 3850 προδοσίας
1012 3766 1235 3845 Θεμιστοκλέα.
1281 3764 1353 3827 ὑδέ

204 3874 427 3950 Θεμιστοκλῆς,
440 3873 579 3938 δεδοικὼς
591 3872 658 3937 ταὺς
671 3871 932 3949 Λακεδαιμονίους,
945 3872 996 3935 οὑκ
1010 3870 1125 3948 ἔμεινεν
1140 3873 1173 3933 έν
1188 3867 1354 3952 τῷἈργει,

203 3975 285 4040 ἀλλὰ
300 3976 482 4059 παρεγένετο
498 3977 540 4040 είς
557 3973 716 4056 Κέρκυραν,
733 3976 869 4040 κάκεῖθεν
886 3977 928 4042 είς
950 3973 1137 4039 Μολοσσοὺς
1152 3978 1225 4053 πρὸς
1237 3971 1353 4052 Ἀδμη·

202 4107 255 4145 τον
272 4080 490 4158 βασιλεύοντα,
506 4079 601 4143 καίτοι
621 4081 731 4162 έχθρδν
750 4079 829 4164 αὑτῷ
847 4079 1003 4161 πρότερον.
1047 4073 1095 4163 (2)
1117 4082 1177 4140 τῶν
1201 4081 1233 4141 δὲ
1258 4083 1353 4139 Λακε-

203 4183 364 4264 δαιμονίων
379 4181 626 4264 πορογενομένων
646 4188 719 4266 πρδς
740 4188 793 4247 τὺν
805 4182 957 4263 Ἀδμητον
976 4182 1024 4246 καὶ
1040 4180 1238 4260 έξαιτούντων
1256 4179 1354 4256 αὑτόν,

202 4285 221 4365 ῆ
237 4287 312 4369 γυνη
327 4292 379 4350 τοὺ
394 4285 543 4367 Ἀδμήτου
557 4287 685 4351 ὑπέθετο
697 4286 907 4367 Θεμιστοκλέα
920 4284 1055 4368 ἁρπάσαι
1069 4291 1122 4350 τὺν
1133 4289 1186 4347 τοὺ
1196 4282 1354 4363 βασιλέως

203 4394 297 4454 παῖδα
311 4391 360 4454 καὶ
375 4394 556 4470 καθεσθῆναι
572 4393 620 4456 έπὶ
635 4394 689 4470 τῆς
703 4391 805 4457 έστίας
827 4391 1006 4456 ἱκετεύοντα.
1051 4387 1220 4471 πράξαντος
1244 4389 1277 4449 δὲ
1302 4391 1354 4451 τοὺ

206 4494 458 4576 Θεμιστοκλέους,
481 4492 668 4577 δἈδμητος
693 4492 880 4575 κατελεήσας
901 4493 991 4559 αὑτὸν
1016 4494 1068 4558 οὑκ
1098 4490 1252 4572 ἐξέδωκεν,
1280 4490 1353 4554 ἀλλ’
