3000 5046
209 352 270 415 330
523 335 610 394 THE
637 334 849 393 WESTERN
873 333 1051 393 GREEKS.
1200 343 1264 408 [01.
1275 345 1367 393 v111.

210 467 263 475 —-
532 465 604 472 ——

210 532 296 595 έστὶν
322 530 483 612 Αἰγινήτου
505 531 649 610 Σίμωνος.
692 531 734 615 τῷ
754 529 887 614 προτέρῳ
916 533 948 594 δὲ
974 534 1036 593 τόν
1062 531 1164 594 ἵππων
1190 530 1367 612 ἐπίγραμμα

211 635 335 699 ίπεστιν
353 635 402 697 έπὶ
417 631 454 720 τῇ
468 634 594 717 πλευρᾷ,
607 637 646 697 τά
660 639 763 715 πρότα
778 633 813 697 ού
828 633 885 699 σὺν
897 632 1003 719 μέτρῳ·
1026 633 1111 716 λέγει
1126 635 1184 715 γδρ
1199 632 1237 711 δή
1253 634 1343 696 οὕτω·

427 736 543 818 Φόρμις
564 735 709 814 ἀνέθηκεν

427 840 537 918 Ἀρκδς
558 841 740 916 Μαινάλιος,
762 844 815 904 νῦν
834 842 867 904 δὲ
890 841 1083 921 Συρακόσιος.

211 941 260 1030 (3)
283 943 371 1010 ούτός
392 945 478 1008 ἔστιν
500 945 629 1011 δίππος
651 944 711 1028 θτῳ
734 941 784 1007 καί
808 950 843 1006 τδ
871 946 1039 1023 ἱππομανὲς
1065 944 1149 1028 λόγῳ
1170 943 1212 1029 τήν
1229 943 1365 1008 Ἠλείων

212 1050 353 1130 έγκεῖται.
398 1050 476 1124 δήλα
491 1050 523 1111 δὲ
539 1044 587 1111 καί
602 1047 685 1110 ἀλλα
705 1049 736 1113 ές
756 1047 845 1127 τιμὴν
859 1049 966 1129 ἀνδρὸς
985 1046 1084 1129 μάγου
1103 1048 1203 1131 σοφίῳ
1219 1045 1366 1130 γενέσθαι

212 1154 421 1234 συμβαίνοντα
442 1153 484 1237 τῷ
502 1153 596 1237 ίτπῳ.
640 1152 767 1234 μέγεθος
788 1149 877 1232 μὲυή
899 1151 978 1218 εἶδος
999 1152 1099 1215 ίπποιν
1121 1153 1229 1216 ἀποδεῖ
1250 1151 1367 1236 πολλή),

211 1256 282 1319 ὅσοι
297 1259 351 1335 τῆς
362 1254 498 1321 Ἀλτεως
513 1258 597 1322 έντδς
614 1255 769 1334 ἑστήκασι·
792 1262 866 1337 πρδς
881 1259 914 1319 δέ
929 1254 1136 1318 ἀποκέκοπταί
1150 1280 1183 1319 τε
1202 1254 1258 1333 τήν
1271 1253 1365 1336 οὐρὰν

212 1357 261 1423 καὶ
282 1361 368 1424 ἔστιν
385 1356 435 1423 έπί
455 1359 499 1444 τφ
515 1358 618 1444 τοιήδε
641 1359 686 1423 έτι
705 1360 837 1442 αἰσχίων
857 1367 945 1424 κ.τ.λ.
962 1405 970 1421 .
986 1405 994 1421 .
1011 1407 1018 1421 .
1035 1354 1083 1444 (7)
1107 1358 1174 1422 ἔστι
1194 1359 1227 1424 δὲ
1247 1360 1280 1422 έν
1300 1363 1364 1423 τοῖς

212 1462 384 1542 ἀναθήμασι
405 1464 522 1531 ταύταις
545 1458 593 1526 καί
615 1463 737 1529 αύτδςό
759 1462 874 1543 Φόρμις
894 1460 979 1544 ἀνδρὶ
1002 1462 1193 1541 ἀνθεστηκὼς
1213 1462 1363 1545 πολεμίῳ,

212 1563 261 1630 καί
283 1565 395 1648 έφεξής
422 1565 511 1652 ἑτέρῳ
534 1563 582 1630 καί
604 1567 693 1651 τρίτῳ
720 1591 756 1648 γε
778 1565 863 1632 αὖθις
883 1566 1023 1648 μάχεται.
1066 1565 1233 1648 γέγραπται
1256 1566 1290 1629 δὶ
1312 1562 1364 1628 ἐπί

211 1670 327 1737 τούτοις
342 1677 395 1734 τὸν
410 1670 594 1752 στρατιώτην
611 1674 668 1750 μὶν
682 1669 735 1734 τὸν
753 1671 926 1755 μαχόμενον
946 1670 1062 1752 Φόρμιν
1077 1669 1155 1733 εἰναι
1172 1670 1225 1733 τὸν
1243 1668 1363 1731 Μαινά-

210 1782 291 1850 λιον,
313 1780 366 1837 τὸν
387 1776 421 1838 δὲ
446 1773 593 1839 ἀναθέντα
616 1775 803 1854 Συρακόσιον
825 1774 988 1854 Λυκόρταν·
1017 1777 1096 1852 δῆλα
1118 1774 1151 1837 δὲ
1172 1772 1212 1839 ὣς
1235 1772 1322 1838 οὗτος
1346 1773 1364 1834 θ

211 1877 364 1957 Λυκόρτας
379 1876 453 1941 κατά
470 1876 578 1958 φιλίαν
595 1877 718 1954 ἀναθείη
736 1881 788 1940 τοῦ
803 1876 963 1957 Φόρμιδος.
1008 1874 1045 1939 τά
1065 1877 1098 1939 δὲ
1116 1876 1291 1954 ἀναθήματα
1309 1878 1364 1937 τοῦ

256 2082 336 2148 This
350 2105 488 2172 passage
505 2105 584 2170 may
598 2083 684 2149 refer
698 2088 734 2149 δα
749 2083 891 2148 another
904 2105 1033 2168 person.

555 2227 782 2313 Xenophanes
803 2227 855 2293 ίίια
875 2226 1015 2294 Elatia.

255 2360 329 2418 109.
353 2349 457 2416 Clem.
473 2350 596 2416 Strom.
608 2349 631 2414 i.
645 2365 708 2434 353
718 2347 764 2427 P„
776 2367 838 2433 130
847 2347 901 2414 S.:
923 2352 987 2427 Τῆς
1001 2354 1035 2414 δὲ
1050 2349 1226 2428 Ἐλεατικής
1241 2351 1363 2431 ἀγωγῆς

213 2452 393 2534 Ξενοφάνης
417 2456 434 2518 θ
452 2455 652 2535 Κολοφώνιος
672 2452 825 2537 κατάρχει,
845 2454 880 2517 ὅν
899 2460 978 2534 φησι
997 2455 1125 2533 Τίμαιος
1147 2453 1222 2518 κατὰ
1242 2451 1364 2534 Ἱέρωνα

211 2558 264 2621 τὸν
279 2558 421 2626 Σικελίας
435 2559 585 2636 δυνάστην
596 2557 645 2622 καί
659 2555 846 2640 Ἐπίχαρμον
861 2564 914 2622 τδν
926 2559 1052 2637 ποιητήν
1067 2557 1231 2640 γεγονέναι,
1247 2556 1364 2621 Ἀπολ-

212 2662 345 2743 λόδωρος
360 2663 393 2725 δὲ
409 2663 484 2726 κατὰ
499 2662 554 2741 τήν
568 2661 818 2741 τεσσαρακοστήν
832 2662 1003 2741 ὀλυμπιάδα
1018 2662 1180 2742 γενόμενον
1195 2686 1364 2742 παρατετα-

213 2765 297 2830 κέναι
311 2767 381 2851 ἀχρι
397 2771 457 2831 τῶν
473 2767 604 2848 Δαρείου
619 2791 652 2830 τε
668 2762 717 2829 καί
735 2765 831 2846 Κύρου
845 2767 971 2847 χρόνον.

256 2896 325 2951 110.
349 2884 443 2972 Diog.
457 2886 565 2952 Ιιυοτδ.
578 2887 623 2951 ix.
638 2886 695 2948 18:
718 2886 896 2967 Ξενοφάνης
909 2885 1020 2964 Δεξίου
1030 2884 1058 2964 ή,
1069 2885 1108 2952 ὡς
1120 2883 1363 2966 Ἀπολλόδωρος,

212 2989 413 3071 Ὀρθομένους
429 2992 635 3070 Κολοφώνιος.
652 3038 659 3053 .
677 3039 684 3053 .
700 3039 707 3053 .
724 2990 810 3056 οὗτος
821 2991 959 3054 ἐκπεσὼν
969 2992 1023 3067 τῆς
1037 2991 1179 3069 πατρίδος
1194 2992 1226 3054 ἑν
1238 2988 1363 3076 Ζάγκλῃ

213 3095 264 3170 τῆς
279 3095 418 3160 Σικελίας
433 3094 566 3176 διέτριβε
582 3091 631 3158 καί
647 3096 681 3158 ἑν
698 3093 828 3180 Κατάνῃ.

256 3224 318 3278 111.
341 3209 459 3304 [Ρ1υ1.]
473 3213 638 3299 Αραρίιίίι.
651 3234 716 3298 τερ.
729 3213 821 3278 Hier.
832 3232 854 3291 4
865 3212 953 3302 (Είίι.
969 3227 1029 3296 175
1043 3210 1100 3299 C):
1124 3217 1207 3293 Πρὸς
1219 3214 1252 3276 δὲ
1264 3216 1362 3279 Ξενο-

212 3315 314 3397 φάνην
340 3325 393 3381 τδν
419 3320 619 3400 Κολοφώνιον
644 3319 768 3384 εἰπόντα
791 3319 880 3398 μόλις
907 3317 1022 3382 οἰκέτας
1045 3317 1098 3380 δύο
1120 3315 1241 3397 τρέφειν
1264 3321 1281 3348 “
1291 3317 1363 3381 ἀλλ’

208 3419 368 3504 Ὀμηρος”
400 3424 493 3502 εἶπεν,
523 3422 588 3487 “δν
618 3423 657 3486 σὺ
683 3424 843 3504 διασύρεις,
873 3421 1017 3487 πλείονας
1049 3417 1068 3498 ή
1102 3421 1223 3501 μυρίους
1256 3419 1362 3502 τρέφει

212 3524 394 3604 τεθνηκώς.”

416 3712 574 3780 Ηίοτοιιό
597 3720 817 3780 Dedications
840 3724 876 3777 at
899 3720 1067 3790 olympia,
1087 3723 1148 3778 διο.

256 3850 322 3904 112.
344 3838 439 3907 Paus.
462 3839 534 3908 viii.
557 3861 608 3920 42.
634 3841 651 3902 8
673 3839 740 3928 (see
766 3841 871 3905 above
893 3839 947 3928 4):
985 3840 1033 3927 (9)
1056 3840 1170 3905 Ὀνάτα
1196 3840 1245 3906 καί
1271 3848 1363 3906 ταῦτα

212 3944 372 4024 ποιήματα,
387 3943 436 4008 καί
451 3945 659 4028 ἀπιγράμματα
675 3949 708 4011 έν
722 3946 884 4031 Ὀλυμπίῳ,
900 3946 935 4009 τὸ
948 3949 1005 4023 μὲν
1018 3948 1091 4026 ὑπὲρ
1107 3951 1160 4010 τοῦ
1175 3945 1363 4025 ἀναθήματός

212 4047 297 4112 έστιν
312 4047 420 4114 αὐτῶν·

343 4154 403 4215 Σόν
425 4176 500 4216 ποτε
521 4150 657 4231 νικήσας,
680 4157 739 4218 Ζεῦ
760 4152 920 4234 Ὀλύμπιε,
942 4159 1054 4230 σεμνδν
1076 4154 1177 4234 ἀγῶνα

385 4255 536 4340 τεθρίππῳ
558 4257 615 4337 μὲν
637 4254 728 4336 άπαξ,
750 4256 948 4337 μουνοκέλητι
969 4259 1002 4320 δὲ
1025 4256 1078 4334 δίς,

343 4356 412 4438 δῶρ’
432 4353 531 4442 Ἱέρων
553 4360 624 4426 τάδε
646 4384 698 4424 σοι
720 4359 914 4442 ἐχαρίσσατο·
945 4365 1016 4426 παῖς
1037 4360 1063 4424 δ’
1086 4359 1211 4438 ἀνέθηκε

387 4462 571 4545 Δεινομένης
591 4464 704 4545 πατρὸς
723 4465 826 4546 μνῆμα
848 4464 1043 4548 Συρακοσίου.
