3000 5046
145 387 301 454 ιιιιοκη,
464 378 550 438 THE
578 378 788 438 WESTERN
810 379 986 438 GREEKS.
1238 395 1298 457 333

147 575 277 640 θάνατον
298 580 350 640 τοῦ
365 575 503 642 Γέλωνος
520 573 720 656 ἐτυράννησεν
733 570 845 655 Ἱέρων,
861 576 890 638 οί
911 578 943 638 δὲ
965 574 1110 657 λέγουσιν
1126 577 1142 638 6
1161 575 1296 656 ἀδελφάς

146 679 246 755 αὐτοῦ,
273 678 365 743 ἄλλοι
394 677 538 762 λέγουσιν
571 680 588 742 6
617 678 682 746 υίὸς
706 678 802 743 αὐτοῦ.
847 677 1109 758 παρεδυνάσπευσε
1139 682 1172 744 δὲ
1201 679 1296 765 τούτῳ

147 782 252 865 Κόραξ
272 808 327 849 τις.
372 782 459 849 οὗτος
481 784 498 846 6
521 780 632 864 Κόραξ,
656 784 730 864 ὅπερ
756 780 795 847 ἀν
821 781 970 862 έβούλετο
993 783 1073 864 παρὰ
1095 781 1137 868 τῷ
1158 788 1296 862 βασιλεῖ,

145 885 285 965 μεγάλως
303 886 435 965 ἠκούετο.
478 889 555 967 μετὰ
576 885 707 951 θάνατον
729 885 836 950 κου’τοο
858 890 911 949 τοῦ
932 883 1064 968 Ἱέρωνος
1086 892 1296 968 τυραννεῖσθαι

147 990 243 1057 οὐκέτι
258 988 369 1070 ἤθελον
384 992 413 1054 οῖ
429 990 659 1073 Συρακούσσιοι.
703 989 826 1072 λέγεται
847 987 907 1071 γάρ
928 990 976 1054 ὅτι
997 995 1146 1053 τοσοῦτον
1167 990 1297 1069 ὠμότητι

147 1093 298 1176 έχρήσατο
328 1090 395 1158 κατ’.
421 1093 526 1172 αιἰτιῖν,
555 1095 635 1158 ὥστε
666 1091 833 1172 προστάξαι
862 1097 924 1160 τοῖς
955 1096 1190 1175 Συρακουσσίοις
1222 1097 1297 1174 μηδὲ

147 1197 335 1281 φθέγγεσθαι
356 1205 391 1263 τὸ
410 1197 559 1279 παράπαν,
576 1199 659 1261 ἀλλὰ
681 1199 732 1261 διὰ
755 1203 856 1261 ποδῶν
878 1199 928 1262 καί
949 1202 1062 1280 χειρῶν
1084 1200 1133 1263 καί
1155 1197 1297 1279 ὀμμάτων

147 1303 305 1382 σημαίνειν
320 1301 358 1365 τὰ
373 1302 543 1384 πρόσφορα.
589 1302 638 1365 καὶ
656 1303 699 1366 ὧν
720 1301 759 1364 ἀν
775 1326 822 1368 τις
845 1302 876 1365 έν
896 1303 984 1387 χρείη
1000 1301 1130 1383 γένοιτο,
1146 1304 1233 1368 ένθεν
1249 1298 1297 1366 καὶ

146 1406 202 1485 τὴν
227 1405 413 1489 ὀρχηστικὴν
438 1409 549 1484 λαβεῖν
570 1407 623 1471 τὰς
649 1403 753 1489 ἀρχάς·
798 1402 840 1487 τῷ
864 1404 923 1488 γάρ
945 1406 1181 1469 ἀποκεκλεῖσθαι
1203 1405 1298 1487 λόγου

146 1509 214 1575 τοὺς
240 1511 481 1590 Συρακουσσίους
508 1511 700 1590 ἐμηχανῶντο
730 1506 864 1591 σχήματι
891 1509 1036 1573 δεικνύειν
1063 1506 1101 1572 τά
1124 1507 1296 1592 πράγματα·

147 1614 250 1679 δεδιὼς
278 1612 330 1677 οὖν
353 1615 369 1676 6
391 1619 451 1677 τῶν
470 1614 705 1695 Συρακουσσίων
731 1615 824 1693 δῆμος
845 1611 952 1692 μήπως
975 1613 1019 1679 είς
1040 1613 1146 1694 ὅμοιον
1169 1613 1297 1692 ἐμπέσοι

146 1718 297 1798 τύραννον,
333 1717 431 1781 οὐκέτι
468 1716 600 1802 τυράννῳ
636 1720 674 1780 τά
704 1715 863 1800 πράγματα
896 1718 1143 1782 κατεπίστευσαν.
1188 1720 1297 1783 λοιπὸν

147 1822 261 1903 ἐγίνετο
274 1822 454 1901 δημοκρατία
468 1820 562 1886 πάλιν
578 1823 610 1886 έν
623 1826 687 1888 τοῖς
702 1822 949 1903 Συρακουσσίοις.

444 1965 599 2033 Ρίιιᾱαοό
621 1974 781 2044 Eulogies
803 1975 842 2031 of
859 1974 1000 2033 Hieron.

191 2090 262 2145 τοο.
286 2078 381 2144 Pind.
398 2078 450 2144 Ol.
464 2078 486 2145 i.
505 2099 544 2144 10
559 2077 644 2167 (16):

535 2181 588 2251 Ἐς
610 2183 728 2265 ἀφνεὰν
750 2182 905 2264 ἱκομένους

319 2286 467 2370 μάκαιραν
488 2285 622 2369 Ἱέρωνος
643 2291 759 2365 ἑστίαν,

321 2396 492 2472 θεμιστεῖον
514 2390 547 2459 δς
569 2390 702 2472 ἀμφέπει
725 2395 862 2455 σκᾶπτον
884 2392 917 2456 έν
939 2390 1106 2478 πολυμάλῳ

322 2497 454 2580 Σικελία,
476 2495 593 2578 δρέπων
614 2498 670 2577 μὲν
692 2497 824 2577 κορυφὰς
846 2496 955 2577 ἀρετᾶν
977 2495 1037 2559 άπὸ
1060 2500 1172 2574 πασᾶν,

321 2598 496 2682 ἀγλαίζεται
518 2602 550 2664 δὶ
574 2601 623 2663 καὶ

320 2708 467 2786 μουσικᾶς
490 2705 523 2767 έν
546 2703 630 2785 ἀότιμ
653 2709 739 2767 κ.τ.λ.

190 2829 261 2882 123.
282 2815 375 2882 Ibid.
390 2816 434 2881 vi.
450 2835 491 2897 οι
506 2815 618 2904 (156):

278 2924 374 2988 Εἶπον
396 2925 428 2986 δὲ
449 2926 621 3003 μεμνᾶσθαι
644 2922 843 3001 Συρακοσσᾶν
864 2943 897 2984 τε
920 2918 969 2985 καί
991 2918 1157 3002 Ὀρτυγίας·

277 3030 332 3091 τάν
352 3023 454 3108 Ἱέρων
476 3026 595 3110 καθαρῷ
617 3024 742 3109 σκάπτῳ
764 3023 887 3102 διέπων,

275 3130 362 3214 άρτια
383 3130 558 3210 μηδόμενος,
582 3129 797 3209 φοινικόπεζαν

278 3232 412 3313 ἀμφέπει
435 3232 581 3313 Δάματρα
603 3240 685 3297 κτλ.

190 3356 262 3409 124.
285 3342 341 3408 Id.
356 3341 455 3428 Pyth.
471 3342 519 3410 iii.
536 3344 577 3406 68
594 3340 687 3429 (120)
701 3367 707 3406 :

193 3449 251 3512 Καί
277 3475 327 3513 κεν
350 3451 383 3511 ἐν
405 3446 513 3512 ναυσὶν
533 3448 628 3525 μόλον
650 3446 758 3510 Ἰονίαν
780 3444 896 3526 τέμνων
918 3443 1081 3508 θάλασσαν

189 3552 375 3633 Ἀρέθουσαν
397 3549 447 3615 έπὶ
471 3548 581 3631 κράναν
603 3547 672 3630 παρ’
695 3551 838 3613 Αίτναῖον
860 3546 959 3627 ξένον,

191 3657 224 3724 δς
247 3656 473 3737 Συρακόσσαισι
495 3655 578 3733 νέμει
599 3653 749 3733 βασιλεὺς

190 3760 285 3843 πραῢς
308 3762 421 3834 ἀσταῖς,
444 3760 478 3823 οὐ
500 3756 639 3839 φθονέων
660 3758 793 3839 ἀγαθοῖς,
815 3753 923 3834 ξείνοις
945 3757 977 3820 δὲ
999 3758 1171 3834 θαυμαστὸς
1191 3750 1307 3835 πατήρ..

191 3864 241 3930 Cf.
257 3860 341 3929 ι’άίά.
358 3861 393 3926 ii.
409 3863 450 3944 58
466 3857 566 3948 (109).

559 4003 718 4074 Hieron's
740 4013 890 4072 Diuum.

191 4130 277 4194 Plut.
293 4128 390 4215 Pyth..
406 4149 452 4194 or.
472 4148 510 4212 19
526 4126 616 4214 (Em.
631 4146 696 4211 403
709 4125 760 4214 Ο).
807 4127 867 4190 See
882 4123 987 4191 above
1001 4132 1055 4189 34.

191 4254 262 4307 125.
285 4241 378 4305 Pind.
393 4237 491 4324 Pytk.
507 4238 529 4303 i.
545 4241 588 4318 46
604 4236 694 4325 (88):

257 4348 295 4409 Εί
319 4348 376 4427 γδρ
400 4345 416 4406 6
440 4348 498 4409 πῖις
527 4342 635 4426 χρόνος
665 4344 764 4421 ὄλβον
795 4343 851 4421 μὲν
881 4341 956 4405 οὕτω
982 4341 1030 4404 καὶ
1057 4338 1189 4404 κτεάνων
1211 4339 1299 4405 δόσιν

300 4448 427 4524 εὐθύνοι,
451 4444 588 4524 καμάτων
611 4441 637 4508 δ’
659 4446 804 4510 έπίλασιν
825 4441 991 4527 παράσχοι.

191 4552 301 4619 Schol.
316 4552 363 4617 ιιιί
378 4572 410 4616 v.
429 4552 480 4636 89.
527 4548 588 4616 See
602 4550 709 4615 above
724 4561 776 4615 88.
