3000 5046
168 353 230 433 ης
573 353 904 413 BIOGRAPHICAL.
1196 367 1336 435 [um

169 572 321 618 socerum
343 549 463 616 habuit
480 549 717 638 Hipponicum,
732 552 881 616 omnium
902 549 1027 616 orm
1047 551 1167 638 lingm
1184 554 1336 642 loquen-

169 655 256 720 tium
278 654 490 735 ditissimum,
508 661 556 734 ut,
573 653 603 720 si
625 655 695 741 ipse
715 654 840 740 fingere
860 654 970 735 vellet,
986 675 1092 741 neque
1113 656 1218 742 plura
1240 659 1336 725 bom

171 757 322 824 eminisci
344 780 450 845 neque
472 758 598 824 maiora
620 764 732 845 posset
753 757 920 845 consequi,
935 780 1035 845 quam
1053 758 1110 823 vel
1130 767 1259 827 natura
1273 763 1335 827 vel

170 861 306 928 fortuna
320 860 494 927 tribuerat.

215 1002 288 1057 134.
311 989 410 1057 Diod.
431 992 491 1056 xii.
513 991 565 1075 38.
586 1011 627 1076 3:
662 989 900 1070 Ἀδημονοῦντος
928 991 955 1056 δ’
984 991 1075 1056 aim&
1103 994 1174 1074 περὶ
1203 996 1334 1072 τούτων,

170 1093 369 1176 Ἀλκιβιάδης
388 1098 405 1160 ὀ
426 1097 617 1176 ἀδελφιδοῦς,
638 1094 771 1176 θρφανδς
791 1095 843 1174 ὧν,
857 1095 1042 1176 τρεφόμενος
1063 1095 1130 1178 παρ’
1146 1094 1240 1184 mini,
1254 1104 1334 1167 ταῖς

172 1198 215 1265 ὢν
231 1200 287 1279 τὴν
307 1199 438 1278 ἡλικίαν,
461 1198 602 1280 ἀφορμὴν
623 1197 702 1284 αὐτῷ
722 1197 894 1281 παρέσχετο
916 1201 969 1276 τῆς
991 1197 1060 1281 περὶ
1081 1204 1142 1266 τῦν
1163 1201 1334 1284 χρημάτων

172 1303 348 1386 ἀπολογίας.

216 1450 287 1505 135.
310 1438 393 1504 Plat.
410 1438 482 1504 Alc.
500 1438 522 1503 i.
541 1440 666 1518 104A:
698 1439 829 1505 Οὐδενὸς
852 1438 913 1525 φῂς
935 1441 1099 1522 ἀνθρῶπων
1120 1442 1225 1521 ἐνδεὴς
1249 1443 1331 1507 εἶναι

173 1546 218 1612 είς
233 1543 327 1609 οὐδέν
350 1543 387 1607 τά
402 1544 460 1626 γὰρ
475 1543 649 1627 ὑπάρχοντά
664 1568 714 1607 σοι
728 1543 849 1626 μεγάλα
865 1544 952 1622 εἶναι,
962 1545 1040 1609 ὥστε
1055 1550 1181 1624 μηδενὸς
1193 1550 1334 1627 δεῖσθαι,

173 1647 302 1713 ἀπὸτοῦ
317 1648 457 1726 σάμοτος
471 1645 623 1730 ἀρξάμενα
642 1652 828 1712 τελευτῦντα
851 1649 895 1714 είς
914 1648 969 1728 τὴν
984 1647 1099 1731 φνχήν.
1143 1652 1201 1713 οίει
1214 1649 1277 1732 γὰρ
1291 1652 1332 1730 δὴ

174 1752 251 1817 εἶναι
266 1757 384 1832 πρῶτον
397 1751 453 1830 μὶν
469 1750 634 1816 κάλλιστός
649 1775 681 1815 τε
698 1747 747 1814 καί
761 1748 999 1834 μέγιστος-καί
1014 1755 1102 1815 τοῦτο
1115 1755 1172 1831 μὶν
1187 1752 1331 1833 δῆπαντὶ

174 1857 268 1934 δῆλον
293 1857 368 1922 ίδεῖν
392 1855 439 1918 ὅτι
467 1855 504 1918 οὗ
528 1855 688 1937 ψεύδει-,
716 1855 820 1919 ἔπειτα
845 1855 1064 1920 νεανικωτάτου
1091 1857 1198 1938 γένους
1226 1858 1263 1923 ἐν
1291 1859 1333 1945 τῇ

175 1963 302 2024 σεαυτοῦ
328 1959 427 2033 πόλει,
453 1958 530 2045 οὔσῃ
554 1960 683 2044 μεγίστῃ
709 1963 770 2022 τῶν
793 1957 993 2037 Ἑλληνίδων,
1020 1957 1069 2023 καὶ
1095 1962 1224 2024 ἐνταῦθα
1253 1968 1331 2042 πρὸς

174 2063 287 2145 πατρός
301 2064 335 2127 τέ
355 2088 406 2126 σοι
422 2063 530 2144 φίλους
552 2060 601 2125 καί
622 2059 775 2144 βνγγενεῖς
793 2063 956 2130 πλείστους
973 2064 1049 2128 εἶναι
1067 2064 1118 2128 καὶ
1132 2064 1283 2146 ἀρίστους,
1299 2066 1331 2129 οἳ

176 2169 206 2231 εί
232 2191 261 2230 τι
290 2166 353 2231 δίοι
375 2169 551 2246 ὑπηρετοῖεν
574 2165 613 2231 άυ
638 2190 700 2241 σοι,
723 2166 836 2230 τούτων
862 2169 894 2231 δὲ
918 2167 988 2233 τοὺς
1008 2172 1083 2247 πρὸς
1103 2173 1215 2249 μητρὸς
1240 2169 1332 2234 οὐδὲν

175 2271 294 2354 χείρους
309 2267 369 2335 οὐδ’
380 2269 532 2336 ἐλάττους.
562 2267 741 2349 ξυμπάντων
756 2270 789 2334 δέ
803 2271 845 2333 ὧν
861 2270 949 2335 εἶπον
962 2271 1051 2350 μείζω
1067 2273 1123 2335 οἴει
1138 2297 1190 2335 σοι
1204 2272 1332 2352 δύναμιν

175 2373 323 2456 ὑπάρχειν
338 2372 491 2455 Περικλέα
511 2378 564 2438 τδν
580 2373 769 2452 Ξανθίππου,
785 2371 820 2437 δν
840 2374 857 2436 ὁ
877 2373 976 2455 πατὴρ
998 2375 1161 2456 ἐπίτροπον
1184 2374 1330 2442 κατέλιπε

176 2478 230 2540 σοί
242 2501 276 2542 τε
293 2473 341 2539 καί
356 2477 397 2561 τῷ
410 2478 546 2562 ἀδελφῷ.

219 2623 292 2678 136.
315 2610 407 2678 Ῑίιίιί.
420 2613 480 2677 118
493 2612 539 2677 D:
558 2616 789 2677 ΣΩΚΡΑΤΗΣ.
808 2615 851 2678 Τί
864 2613 939 2687 οὓνι
963 2613 1045 2697 ἔχεις
1057 2617 1165 2691 εἰπεῖν,
1176 2619 1330 2696 Περικλῆς

176 2717 242 2782 τίνα
251 2717 375 2795 ἐποίησε
388 2717 498 2798 σόφου,
510 2720 570 2783 ἀπὸ
585 2723 645 2783 τῶν
655 2715 742 2782 υίέων
753 2715 919 2798 ἀρξάμενος
932 2743 944 2791 ,·
961 2721 1227 2783 ΑΛΚΙΒΙΑΔΗΣ
1239 2721 1280 2783 Τί
1292 2721 1329 2796 δ’,

177 2823 204 2887 εί
222 2821 263 2884 τὸ
279 2821 463 2902 Περικλέους
485 2823 548 2886 υίέε
569 2821 679 2901 ἠλιθίω
699 2819 872 2903 ἐγενέσθην,
887 2818 911 2884 ὦ
927 2822 1105 2902 Σάκρατες;
1137 2826 1205 2885 ΣΩ.
1227 2823 1331 2887 Ἀλλὰ

178 2926 324 2992 Κλεινίαν
338 2925 392 2990 τὸν
407 2931 465 2992 οόν
480 2926 625 3006 ἀδελφόν.
656 2929 719 2989 ΑΛ.
738 2925 778 2988 Τί
791 2924 816 2989 δ’
832 2923 870 2990 ἀν
885 2925 922 2988 αὖ
939 2925 1083 2990 Κλεινίαν
1097 2924 1210 3008 λέγοις,
1224 2928 1330 3007 μαινό-

176 3053 267 3112 μενον
283 3030 441 3110 ἄνθρωπον
452 3054 463 3102 ,·

221 3176 289 3231 137.
312 3163 368 3230 ld.
378 3164 515 3250 Ρτοίαρ.
529 3167 650 3251 320A:
671 3167 708 3229 Εί
724 3169 756 3231 δέ
771 3165 890 3247 βούλει,
902 3167 1055 3245 Κλεινίαν,
1069 3166 1123 3232 τὸν
1131 3163 1331 3249 Ἀλκιβιάδου

178 3270 297 3334 τουτουί
311 3271 455 3351 νεώτερον
468 3269 614 3350 ἀδελφάν,
630 3270 832 3352 ἐπιτροπεύων
844 3271 861 3333 θ
876 3270 962 3336 αιἰτδς
978 3270 1064 3336 οὗτος
1079 3267 1154 3350 ἀνὴρ
1166 3273 1329 3353 Περικλῆς,

178 3375 283 3442 δεδιὸς
298 3375 367 3456 περὶ
381 3374 482 3451 αὐτοῦ,
496 3374 536 3453 μὴ
553 3376 705 3460 διαφθαρῇ
723 3373 759 3453 δη
775 3372 823 3437 ὑπ’
839 3371 1050 3452 Ἀλκιβιάδου,
1067 3373 1252 3441 ἀποσπάσας
1270 3376 1330 3439 άπδ

178 3479 293 3558 τούτου,
324 3476 522 3558 καταθέμενος
553 3479 587 3542 ἐν
608 3476 789 3559 Ἀρίφρονος
813 3478 960 3542 ἐπαίδευε·
995 3479 1044 3540 καὶ
1075 3474 1145 3559 πρὶν
1174 3475 1211 3557 ἐξ
1234 3481 1330 3558 μῆνας

178 3583 346 3668 γεγονέναι,
364 3583 499 3649 ἀπέδωκε
514 3581 609 3668 τούτῳ
624 3582 676 3647 οὐκ
692 3583 773 3667 ἔχων
787 3583 805 3646 ὅ
820 3608 849 3646 τι
863 3579 1011 3664 χρήσαιτο
1027 3581 1111 3666 αὐτῷ.

355 3885 425 3954 His
447 3885 576 3952 brother
596 3887 806 3974 Ατὶρίινοπς
827 3910 888 3954 οοπι
910 3887 1146 3975 Ηίρροένναίος.

222 4049 258 4114 θ.
273 4049 304 4114 Ι.
320 4049 363 4115 Α.
379 4050 402 4114 i.
420 4064 481 4135 273
497 4071 547 4113 vs.
563 4070 594 4136 3.
641 4048 745 4115 Seel.
761 4062 836 4116 108.

223 4197 297 4252 188.
320 4182 522 4276 [Βοιωτία]
539 4201 583 4271 59
600 4187 643 4253 ν’τι
651 4186 770 4255 Νοιιαν.
786 4209 868 4267 104:
889 4188 1040 4272 Ψήφισμα
1055 4188 1123 4273 περὶ
1140 4188 1331 4254 Πλαταιέων.

182 4285 390 4380 [Ἱπποκράτης
406 4292 472 4358 εἶπε
488 4292 662 4360 Πλαταιέας
680 4292 758 4358 εἶναι
768 4292 945 4371 Ἀθηναίους
961 4294 1020 4357 ἀπὸ
1035 4296 1127 4372 τῆσδε
1141 4297 1195 4373 τῆς
1210 4291 1333 4374 ἡμέρας,

181 4393 315 4475 ἐντίμους
331 4395 463 4478 καθάπερ
479 4399 508 4461 oi
523 4396 616 4462 ἄλλοι
630 4395 785 4474 Ἀθηναῖοι
803 4392 904 4485 κ.τ.λ.]

224 4494 276 4565 cf.
290 4496 394 4566 Thuo.
408 4496 455 4565 iv.
470 4498 522 4564 66.
542 4520 584 4586 33
607 4501 658 4583 67.
678 4520 691 4564 1
709 4525 718 4579 ;
743 4518 811 4566 101.
830 4518 858 4564 2.
