3000 5046
149 365 288 433 211-217.]
399 359 492 418 HER
516 360 673 421 ALLIES
697 361 790 419 AND
819 362 1036 427 COLONIES.
1245 379 1302 442 133

149 552 316 634 λογισμοὺς
340 555 447 631 διδούς,
464 553 597 620 τάλαντα
622 559 738 622 εἴκοσιν
759 560 863 624 ἁπλῶς
882 559 967 624 εἶπεν
988 562 1031 627 εἰς
1052 560 1086 624 τὸ
1101 562 1168 624 δέον
1185 561 1302 638 άνηλω-

151 655 244 720 κέναι.
289 661 366 737 φησὶ
390 661 423 723 δέ
444 658 578 741 Ἔφορος
599 661 645 723 ὅτι
659 660 735 741 μετὰ
750 665 843 725 ταῦτα
857 664 1006 741 μαθόντες
1025 665 1054 727 αἱ
1071 664 1303 743 Λακεδαιμόνιοι

152 762 356 842 Κλεανδρίδην
369 763 426 843 μὲν
440 762 617 843 ἐδήμευσαν,
630 764 884 830 Πλειστοάνακτα
899 770 932 831 δὲ
949 765 986 831 ιε’
1003 765 1162 834 ταλάντοις
1178 767 1302 848 ἐζημίω-

151 889 219 941 σαν,
242 865 454 939 ὑπολαβόντες
480 866 745 948 δωροδοκήσαντας
772 869 886 946 αὐτούς,
913 872 963 934 διδ
989 876 1023 934 τδ
1050 872 1218 952 φείσασθαι
1250 873 1304 948 τῆς

150 969 261 1046 λοιπῆς
282 966 453 1046 Ἀθηναίων
474 973 538 1052 γῆς,
562 972 620 1034 ὑπὸ
644 977 703 1036 τῶν
727 969 795 1052 περὶ
817 978 868 1037 τὸν
891 974 1109 1056 Περικλέα,μῆ
1130 972 1304 1053 θελήσαντα

150 1075 269 1152 γυμνῶς
291 1074 388 1139 εἰπεῖν
409 1074 456 1138 ὅτι
475 1073 589 1139 δέδωκα
604 1080 667 1142 τοῖς
688 1079 933 1158 Λακεδαιμονίων
954 1082 1124 1158 βασιλεῦσι
1143 1076 1178 1140 τὸ
1193 1078 1302 1144 ἐνδεές.

151 1169 258 1263 κ.τ.λ.]Ι

195 1305 266 1359 214.
290 1294 428 1361 Suidas:
460 1297 549 1365 Δέον·
571 1298 696 1383 Ὠσπερ
723 1298 890 1380 Περικλέης
916 1302 961 1367 είς
986 1300 1021 1364 τὸ
1051 1299 1121 1366 δέον
1147 1301 1302 1366 θνάλωσα.

152 1401 321 1483 Περικλέης
337 1403 505 1483 Ἀθηναίων
521 1407 696 1487 στρατηγός,
711 1406 808 1488 λόγον
823 1405 1037 1485 ἀπαιτούμενος
1051 1406 1126 1486 ι’νπέρ
1140 1405 1303 1490 χρημάτων

153 1506 314 1592 Κλεάνδρῳ
330 1506 371 1592 τῷ
383 1507 516 1595 ἁρμοστῇ
526 1509 769 1590 Λακεδαιμονίων
782 1509 832 1573 ἐπὶ
843 1509 1000 1593 προδοσίᾳ,
1015 1513 1104 1572 τοῦτο
1116 1509 1168 1572 οὐκ
1181 1507 1301 1587 ἐδήλου,

152 1607 221 1672 ἀλλ’
237 1610 280 1677 εἰς
294 1616 328 1674 τδ
344 1609 411 1676 δέον
425 1612 531 1695 ἔλεγεν
551 1612 708 1677 άναλῶσαι
723 1611 807 1676 αὐτά.
853 1612 881 1676 οἳ
898 1617 931 1678 δέ
947 1611 1050 1680 άλλως
1063 1614 1152 1695 φασί·
1176 1617 1303 1677 πολλῶν

152 1714 248 1777 ὄντων
275 1714 439 1797 χρημάτων
465 1718 498 1780 έν
530 1717 565 1802 τῇ
597 1717 772 1800 ἀκροπόλει,
799 1719 843 1784 εἰς
868 1716 920 1780 τὸν
946 1717 1083 1797 πόλεμον
1108 1720 1145 1780 τὰ
1172 1721 1304 1780 πλεῖστα

152 1816 303 1882 άνάλωσε.
351 1816 429 1900 φασὶ
445 1823 478 1885 δέ
494 1821 539 1883 ὅτι
556 1821 605 1884 καὶ
620 1820 787 1904 λογισμοὺς
807 1820 905 1886 διδοὺς
929 1819 1115 1899 πεντήκοντα
1136 1818 1304 1892 ταλάντων,

152 1923 257 1988 ἅπλῶς
283 1922 377 2002 εἶπεν,
402 1925 445 1988 εἰς
470 1930 504 1987 τδ
533 1922 601 1988 δέον
631 1922 828 2003 άνηλωκέναι.
872 1924 949 2006 μετὰ
978 1926 1011 1987 δέ
1041 1929 1134 1987 ταῦτα
1158 1923 1306 2000 μαθόντες

153 2028 382 2107 Λακεδαιμόνιοι
401 2029 607 2109 Κλεανδρίδην
629 2031 685 2107 μέν
700 2026 878 2108 ἐδήμευσαν,
890 2025 1143 2091 Πλειστοάνακτα
1163 2028 1196 2091 δέ
1214 2025 1305 2091 πέντε

153 2127 313 2196 ταλάντοις
329 2129 504 2210 ἐζημίωσαν,
515 2133 725 2210 ὑπολαβόντες
737 2130 999 2214 δωροδοκήσαντας
1015 2129 1121 2195 αὐτοὺς
1136 2129 1306 2211 φείσασθαι

153 2235 205 2311 τῆς
219 2237 330 2311 λοιπῆς
345 2233 516 2312 Ἀθηναίων
529 2237 594 2317 γῆς,
610 2236 659 2298 καὶ
675 2233 726 2298 τὸν
742 2233 905 2316 Περικλέα,
917 2236 968 2299 ίνα
978 2234 1019 2315 μὴ
1032 2239 1150 2316 γυμνῶς
1167 2235 1246 2320 εἴπῃ,
1258 2233 1306 2298 ὅτι

154 2337 267 2401 δέδωκα
283 2344 344 2403 τοῖς
360 2341 605 2418 Λακεδαιμονίων
619 2342 789 2418 βασιλεῦσι
803 2343 905 2413 ταῦτα,
920 2340 1014 2405 οὕτως
1029 2335 1210 2417 αἰνίξασθαι.

197 2464 269 2518 215.
292 2452 342 2517 Of.
359 2452 456 2520 Diod.
475 2453 548 2519 xiii.
568 2454 704 2519 106.10.
748 2454 838 2519 Plut.
848 2453 887 2519 N
886 2453 925 2519 ιὀ.
938 2454 987 2521 28.
1032 2452 1135 2519 Thuc.
1146 2453 1192 2518 iii.
1204 2456 1255 2520 26.
1267 2473 1307 2533 23

153 2556 198 2620 vi.
214 2576 283 2636 104.
297 2577 326 2622 2.
374 2556 528 2623 Strabon.
540 2557 588 2622 vi.
603 2578 631 2622 1.
648 2556 996 2645 14(264)=Antiooh.
1012 2556 1052 2622 fr.
1065 2577 1104 2622 12
1121 2556 1187 2644 (see
1204 2557 1308 2623 below

155 2661 247 2747 τοο).
293 2661 450 2749 Polyaen.
467 2662 501 2725 ii.
520 2681 560 2725 10
576 2661 643 2747 (see
659 2673 724 2727 358
740 2661 806 2726 and
822 2659 914 2748 380).

384 2887 612 2972 θαρρτιςςόου
632 2885 672 2972 os
689 2885 741 2953 the
762 2884 927 2952 Εαθοίαα
948 2885 1071 2952 Revolt.

197 3038 269 3092 216.
293 3027 350 3092 Ar.
365 3025 455 3092 Nub.
473 3046 531 3093 211
547 3051 556 3093 t

241 3135 463 3196 ΜΑΘΗΤΗΣ.
615 3129 657 3194 Ἡ
682 3128 716 3194 δέ
740 3129 768 3213 γ’
793 3128 909 3209 Εὔβοι’,
933 3129 973 3196 ὥς
996 3129 1077 3214 όρᾷς,

240 3234 290 3315 ἡδὶ
312 3234 513 3315 παρατέταται
535 3232 633 3316 μακρά
654 3235 754 3316 πόρρω
777 3232 864 3297 πάνυ.

241 3342 517 3403 ΣΤΡΕΨΙΑΔΗΣ.
541 3337 605 3402 οἶδ’·
621 3337 680 3401 ὑπὸ
696 3340 753 3420 γὰρ
768 3336 852 3415 ἡμῶν
867 3336 1019 3418 παρετάθη
1036 3333 1084 3400 καὶ
1101 3334 1291 3418 Περικλέους.

200 3441 309 3508 Schol.
325 3442 371 3506 ad
386 3463 418 3505 v.
433 3461 514 3526 213:
537 3437 607 3530 [Είς
623 3441 721 3522 φόρον
732 3439 867 3520 ἐξετάθη,
879 3440 1006 3504 πλείονα
1022 3441 1118 3521 φόρον
1133 3437 1306 3522 παρέχουσα

157 3548 460 3630 ...ἐκληρούχησαν
482 3550 514 3610 δὲ
539 3545 632 3625 αὐτὴν
654 3544 820 3621 Ἀθηναῖοι,
844 3541 1046 3622 κρατήσαντες
1069 3539 1185 3630 αὐτῆς]
1231 3540 1254 3628 (.
1272 3589 1306 3605 ..

155 3652 380 3732 ἐπολιόρκησαν
406 3653 438 3715 δέ
468 3649 560 3729 αὐτὴν
584 3646 742 3729 Ἀθηναῖοι
768 3650 844 3725 μετὰ
871 3646 1065 3729 Περικλέους,
1092 3642 1141 3709 καὶ
1170 3645 1308 3726 μάλιστα

155 3755 327 3822 Χαλκιδέας
352 3757 399 3819 καὶ
425 3753 595 3836 Ἐρετριέας
612 3802 619 3816 .
638 3800 645 3815 .
664 3800 671 3815 .
688 3752 874 3834 Περικλέους
898 3753 932 3815 δὲ
956 3753 1195 3832 στρατηγοῦντος
1217 3774 1307 3813 κατα-

155 3861 349 3942 στρέψασθαι
364 3858 469 3924 αὐτοὺς
484 3856 589 3922 πᾶσάυ
611 3864 689 3939 φησι
711 3857 893 3938 Φιλόχορος·
917 3854 965 3918 καὶ
979 3853 1036 3933 τήν
1056 3854 1111 3933 μὲν
1133 3851 1234 3933 άλλην
1256 3854 1308 3918 ἐπὶ

156 3963 303 4048 ὁμολογίᾳ
333 3963 568 4040 κατασταθῆναι,
588 3958 769 4025 Ἑστιαιέων
799 3961 830 4023 δὲ
861 3956 1100 4023 άπαικισθέντων
1125 3955 1229 4022 αὐτοὺς
1252 3954 1308 4036 τὴν

155 4067 258 4149 χόραυ
273 4064 381 4152 ἔχειν.)

200 4196 269 4252 21⁷.
293 4184 402 4249 Strab.
419 4205 452 4247 x.
471 4204 499 4247 1.
517 4202 535 4248 2
557 4180 665 4270 (445):
693 4184 877 4263 Θεόπομπος
898 4176 963 4265 (fr.
983 4182 1047 4258 164
1063 4178 1100 4242 F.
1117 4179 1162 4244 H.
1180 4176 1218 4244 θ.
1234 4178 1256 4242 i.
1272 4200 1305 4264 p.

156 4287 233 4376 305)
248 4289 280 4355 δέ
294 4298 372 4370 φησι
394 4287 578 4372 Περικλέους
600 4285 794 4371 χειρουμένου
813 4286 950 4364 Εὔβοιαν
972 4284 1041 4349 τοὺς
1063 4285 1217 4350 Ἱστιαιεῖς
1241 4278 1308 4346 καθ’

156 4395 318 4474 ὁμολογίας
343 4395 387 4459 είς
412 4393 601 4457 Μακεδονίαν
625 4394 820 4472 μεταστῆναι,
835 4390 1006 4473 δισχιλίους
1030 4386 1056 4452 δ’
1083 4386 1120 4466 ἐξ
1139 4384 1308 4465 Ἀθηναίων

156 4499 302 4565 ἐλθόντας
317 4497 369 4561 τὸν
384 4495 494 4580 Ὠρεὸν
508 4497 640 4577 οἰκῆσαι,
654 4496 748 4575 δῆμον
764 4495 837 4559 ὄντα
852 4494 998 4576 πρότερον
1013 4496 1073 4557 τῶν
1087 4488 1262 4556 Ἱστιαιέων.
