3000 5046
230 358 293 439 326
547 356 633 415 THE
661 355 871 415 WESTERN
895 355 1072 416 GREEKS.
1224 367 1390 429 [cmm.

232 558 285 616 τοῦ
300 550 458 634 Αἰσχύλου
473 549 647 633 δεδιδάχθαι
663 553 696 614 έν
712 550 928 631 Συρακούσαις,
945 548 1174 617 σπουδάσαντος
1187 547 1335 631 Ἱέρωνος,
1350 551 1393 617 ὥς

233 665 330 737 φησιν
344 652 565 737 Ἐρατοσθένης
580 655 613 719 έν
627 651 657 736 γ’
673 651 742 735 περὶ
758 658 929 738 κωμῳδιῦν.

565 888 770 955 ‘Sikelimm’
792 887 837 954 ιἰι
858 888 1039 975 Δάοαδμθοο.

278 1039 332 1094 88.
354 1027 475 1093 Athon.
492 1027 539 1091 ix.
556 1044 619 1103 402
633 1025 664 1089 b.
709 1024 852 1090 Maerob.
869 1024 939 1089 Sat.
955 1046 987 1088 v.
1006 1045 1056 1108 19.
1075 1042 1124 1109 17.

736 1249 887 1317 Ρθτιαίατ.

276 1405 331 1460 83.
354 1392 561 1470 Εαεδαδίιίιιε,
575 1388 656 1455 Vita
666 1388 774 1455 Pind.
790 1388 850 1455 26:
866 1389 1024 1470 Ἐπέβαλε
1037 1392 1187 1472 Πίνδαρος
1197 1396 1258 1460 τοΐς
1269 1394 1390 1477 χρόνοις

233 1499 399 1578 Σιμωνίδου
428 1494 447 1584 ᾗ
473 1496 616 1576 νεώτερος
642 1492 859 1577 πρεσβυτέρου.
903 1501 964 1559 τῶν
994 1496 1092 1559 αὐτῶν
1121 1499 1194 1578 γοῦν
1223 1495 1391 1576 μέμνηνται

232 1603 400 1683 ἆμφότεροι
418 1597 563 1682 πράξεων.
603 1601 686 1663 ἀλλὰ
701 1595 750 1662 καὶ
766 1597 835 1679 παρ’
848 1595 964 1679 Ἱέρωνι
975 1600 1016 1682 τῷ
1029 1600 1240 1680 Συρακουσίων
1254 1599 1390 1686 τυράννῳ

232 1706 324 1785 άμφω
354 1703 504 1787 έγένοντο,
535 1700 784 1783 ἀποδημήσαντες
819 1700 934 1780 δηλαδή
971 1702 1034 1764 καθ’
1066 1702 1183 1783 ἑτέρους
1219 1699 1268 1766 καὶ
1303 1701 1390 1768 αὐτοὶ

233 1808 350 1890 σοφοὺς
378 1810 422 1874 είς
443 1807 500 1888 τὴν
522 1807 673 1870 Σικελίαν.
718 1802 849 1885 καὶμὴν
871 1809 946 1886 πρδς
968 1812 1002 1869 τὸ
1026 1807 1185 1887 ίστορηθέν
1208 1812 1296 1871 τοῦτο
1322 1812 1389 1872 δια-

233 1910 381 1993 φέρεσθαι
419 1915 502 1976 δοκεῖ
537 1911 573 1974 τὸ
611 1910 860 1990 περιφερόμενον·
908 1908 1031 1991 λέγεται
1069 1909 1126 1991 γὰρ
1159 1910 1207 1974 ὅτι
1236 1912 1389 1992 Πίνδαρος

232 2016 398 2096 ἐρωτηθείς,
422 2015 471 2080 διὰ
498 2015 529 2079 τί
551 2014 718 2093 Σιμωνίδης
740 2016 796 2090 μὲν
822 2017 897 2095 πρδς
918 2012 989 2080 τοὺς
1011 2014 1171 2095 τυράννους
1193 2013 1390 2095 ἀπεδήμησεν

233 2120 276 2185 είς
291 2120 440 2197 Σικελίαν,
465 2118 553 2185 αιἰτδς
572 2116 597 2183 δ’
617 2116 671 2181 οὐκ
695 2116 807 2195 έθέλει,
825 2114 896 2197 ἔφη,
915 2115 992 2179 διότι
1014 2116 1167 2197 βούλομαι
1190 2117 1308 2203 έμαυτῳῖ
1323 2119 1389 2197 ζῆν,

233 2223 286 2286 οὐκ
301 2221 398 2307 άλλῳ.

278 2351 333 2406 84.
361 2339 441 2405 Vita
458 2340 579 2404 Altera
600 2336 646 2428 (p.
663 2341 705 2425 98
722 2336 860 2425 West.):
892 2338 994 2403 Ἀλλὰ
1016 2337 1066 2403 καὶ
1089 2339 1255 2422 ἀμφότεροι
1275 2338 1390 2428 (Σιμω-

234 2446 318 2523 νίδης
350 2440 399 2507 καὶ
426 2440 590 2527 Πίνδαρος)
617 2442 685 2524 παρ’
716 2441 830 2524 Ἱέρωνι
861 2444 904 2527 τῷ
930 2443 1142 2524 Συρακουσίων
1174 2442 1306 2529 τυράννῳ
1335 2471 1388 2527 γε·

235 2548 382 2630 γένηυται.

277 2649 338 2715 See
353 2648 423 2714 also
439 2648 545 2715 below
562 2659 614 2727 87,
630 2659 686 2724 88,
704 2660 750 2714 80
762 2657 797 2712 ff.

707 2876 915 2944 Simnides.

277 3016 387 3083 Schol.
403 3017 497 3081 Pind.
514 3015 565 3082 Ol.
580 3014 615 3080 ii.
634 3035 684 3097 29.
730 3014 791 3081 See
805 3017 912 3082 above
928 3029 982 3082 88.

277 3148 331 3203 85.
353 3138 436 3202 Xen.
452 3136 549 3203 Hier.
570 3138 592 3201 i.
611 3157 649 3200 1:
686 3140 854 3219 Σιμωνίδης
877 3140 894 3201 ά
916 3139 1041 3218 ποιητὴς
1068 3140 1198 3221 ἀφίκετό
1219 3165 1292 3204 ποτε
1314 3148 1390 3223 πρὸς

231 3239 350 3325 Ἱέρωνα
365 3248 418 3306 τδν
433 3242 577 3323 τύραννον
592 3251 680 3307 κ.τ,λ.

276 3374 331 3428 86.
353 3363 426 3427 ΑθΙ.
447 3361 484 3425 V.
501 3363 546 3427 Η.
563 3361 621 3426 xii.
640 3381 658 3425 2
660 3378 699 3447 5:
731 3360 789 3428 Καδ
803 3359 905 3443 Ἱέρων
921 3365 953 3427 δὲ
972 3365 988 3426 ὁ
1005 3363 1204 3443 Δεινομένους
1220 3367 1389 3445 Σιμωνίδου

234 3471 286 3531 τοῦ
303 3468 392 3533 Κείου
407 3465 566 3546 άπήλαυσε
584 3474 672 3531 κ.τ.λ.

277 3599 330 3654 87.
351 3586 439 3653 Ῑδίκί.
455 3588 502 3652 ix.
519 3608 557 3651 1:
589 3588 691 3672 Τούτῳ
715 3584 770 3674 (τῷ
788 3584 924 3673 Ἱέρωνι),
948 3590 1041 3668 φασί,
1062 3589 1110 3651 καὶ
1131 3590 1297 3669 Σιμωνίδης
1315 3614 1388 3653 συν-

233 3693 347 3768 εβίωσε
364 3693 414 3756 καὶ
430 3692 589 3773 Πίνδαρος.
635 3689 683 3754 καὶ
702 3691 753 3754 οὐκ
775 3690 893 3768 ὤκνησέ
910 3716 947 3772 γε
961 3692 1135 3770 Σιμωνίδης,
1152 3690 1248 3772 βαρὺς
1268 3689 1311 3755 δν
1329 3693 1389 3757 ὑπὸ

232 3792 341 3877 γήρως,
357 3800 431 3876 πρὸς
452 3794 543 3859 αὐτὸν
565 3794 740 3876 ἀφικέσθαι.
785 3793 821 3873 ήν
841 3797 897 3874 μὲν
918 3797 975 3876 γὰρ
993 3792 1043 3858 καὶ
1062 3796 1156 3876 φύσει
1171 3795 1355 3878 φιλάργυρος
1372 3800 1389 3861 δ

236 3901 329 3964 Κεῖος*
363 3898 528 3980 προῦτρεπε
555 3901 587 3962 δέ
613 3898 704 3961 αὐτὸν
729 3899 778 3962 καὶ
802 3896 897 3962 πλέον
923 3897 940 3977 ἡ
967 3901 1021 3960 τοῦ
1046 3894 1183 3980 Ἱέρωνος
1209 3900 1389 3980 φιλοδωρία,

234 4000 340 4081 φασίν.

279 4130 334 4184 88.
355 4117 445 4185 Ibid.
460 4120 507 4185 iv.
528 4137 588 4202 15:
617 4119 762 4187 Ῥωσθεὶς
777 4121 830 4185 οὖν
843 4117 945 4203 Ἱέρων
959 4123 1056 4198 συνῆν
1072 4123 1222 4208 Σιμωνίδῃ
1245 4122 1286 4206 τῷ
1308 4126 1388 4208 Κείῳ

235 4220 284 4287 καὶ
300 4221 439 4309 Πινδάρῳ
459 4226 500 4311 τῷ
520 4226 650 4309 Θηβαίῳ
673 4226 721 4288 καὶ
745 4225 914 4310 Βακχυλίδῃ
933 4226 974 4309 τῷ
994 4222 1157 4311 Ἱουλιήτη.
1191 4227 1207 4288 ὁ
1229 4229 1262 4289 δὲ
1285 4226 1390 4290 Γέλων

233 4324 389 4407 ἅνθρωπος
404 4325 546 4406 άμουσος.

278 4456 335 4513 88.
357 4444 462 4528 Plato,
478 4445 584 4533 Epist.
600 4447 635 4512 ii.
651 4465 724 4531 311.
770 4445 838 4513 Cic.
853 4445 897 4511 N.
914 4447 954 4511 D.
971 4447 992 4511 i.
1010 4465 1060 4514 22.
1077 4448 1129 4512 60.
