3000 5046
262 384 323 446 324
577 368 663 427 THE
691 368 900 427 WESTERN
924 368 1102 428 GREEKS.
1256 379 1423 446 [cmm

436 585 491 649 τᾶς
513 581 684 664 ἐρεύγονται
706 582 761 660 μέν
784 579 922 645 άπλάτου
942 585 1035 660 πυρὸς
1058 581 1220 664 ἁγνόταται

438 687 471 749 έκ
493 690 598 766 μυχῶν
620 684 724 767 παγαί·
757 685 888 764 ποταμοὶ

479 785 505 852 δ’
528 787 687 868 ἁμέραισιν
707 787 763 864 μέν
784 785 948 869 προχέοντι
969 788 1042 870 ῥόον
1064 791 1178 852 καπνοθ

436 888 549 955 αἴθων’·
579 887 650 954 ἀλλ’
672 892 706 953 ἐν
728 891 893 971 ὄρφναισιν
913 890 1025 972 πέτρας

436 994 585 1074 φοίνισσα
607 992 805 1072 κυλινδομένα
827 991 912 1074 φλὸξ
931 994 962 1060 ἐς
983 997 1091 1073 βαθεῖ·

479 1120 517 1160 αν
538 1096 625 1178 φέρει
647 1098 759 1160 πόντου
781 1096 884 1160 πλάκα
906 1096 962 1161 σὺν
984 1097 1119 1184 πατάγῳ.

436 1205 517 1264 κεῖνο
539 1198 565 1263 δ’
587 1197 773 1281 Ἀφαίστοιο
795 1199 934 1282 κρουνούς
957 1200 1084 1282 έρπετδν

435 1302 623 1370 δεινοτάτους
647 1304 823 1384 ἀναπέμπει·
847 1304 936 1387 τέρας
958 1307 1013 1387 μὲν
1034 1303 1203 1384 θαυμάσιον
1218 1330 1314 1386 προσ-

479 1405 607 1486 ιδέσθαι,
627 1411 726 1485 θαῖμα
747 1409 780 1471 δέ
803 1404 852 1471 καὶ
872 1408 1044 1491 παρεόντων
1067 1408 1204 1486 άκοῖισαι,

432 1513 500 1576 οῖον
522 1511 631 1577 Αἴτνας
654 1513 688 1575 ἐν
708 1512 942 1592 μελαμφύλλοις
964 1513 1082 1579 δέδεται
1104 1517 1249 1594 κορυφαῖς

434 1615 483 1679 καὶ
503 1618 593 1701 πέδω,
615 1619 756 1697 στρωμνὰ
777 1617 809 1681 δέ
833 1615 948 1701 χαράσ-
1093 1624 1097 1629 ’

476 1716 557 1782 σοισ’
580 1717 662 1784 άπαν
684 1726 780 1785 νῶτον
802 1717 1050 1800 ποτικεκλιμένον
1072 1723 1179 1784 κεντεῖ.

302 1884 354 1940 73.
376 1871 492 1939 Αοοοέι.
507 1870 568 1936 Pr.
590 1870 626 1935 V.
644 1888 706 1958 379
722 1897 729 1937 :

475 1978 536 2041 Καὶ
557 1983 610 2041 νῦν
632 1978 753 2060 άχρεῖον
775 1975 823 2042 καὶ
845 1977 998 2061 παράορον
1018 1978 1109 2059 δέμας

475 2087 569 2146 κεῖται
592 2086 748 2145 στενωποῦ
768 2083 902 2160 πλησίου
925 2083 1098 2146 θαλασσίου

473 2184 632 2266 ἐπούμενος
652 2186 784 2268 ῥίζαισιν
805 2187 960 2252 Αἰτναίαις
983 2187 1051 2262 (mo,

473 2293 618 2371 κορυφαῖς
639 2289 666 2354 δ’
687 2290 721 2353 έν
743 2288 846 2372 άκραις
868 2289 978 2370 ἥμενος
998 2293 1199 2370 μυδροκτυπεῖ

469 2391 658 2474 Ἥφαιστος.
690 2393 775 2457 ένθεν
797 2391 1018 2474 ἐκραγήσονταί
1037 2418 1112 2458 ποτε

472 2499 601 2576 ποταμοὶ
624 2504 716 2577 πυρὸς
738 2497 900 2564 δάπτοντες
923 2499 1040 2580 ἀγρίαις
1066 2496 1189 2582 γνάθοις

472 2605 525 2680 τῆς
547 2601 753 2682 καλλικάρπου
776 2602 918 2668 Σικελίας
939 2601 1065 2682 λευροὺς
1086 2600 1170 2684 γύας·

470 2705 584 2769 τοιόνδε
607 2704 719 2785 Τυφὼς
743 2701 917 2783 ἐξαναζέσει
939 2705 1036 2788 χόλον

471 2811 588 2888 θερμοῖς
610 2806 747 2870 άπλάτου
767 2807 880 2886 βέλεσι
903 2809 1056 2889 πυρπνόου
1079 2806 1180 2886 ζάλης,
1253 2841 1257 2849 ·

470 2911 574 2991 καίπερ
595 2912 726 2996 κεραυνῷ
749 2911 846 2990 Ζηνὸς
866 2910 1101 2992 ἠνθρακωμένος.

298 3061 351 3116 74.
375 3048 481 3115 SchoL
495 3048 581 3115 Med.
591 3049 637 3113 ad
656 3048 775 3114 Aesoh.
790 3047 851 3114 Pr.
866 3047 903 3114 V.
916 3048 1003 3134 384:
1027 3047 1086 3114 Καὶ
1102 3049 1176 3114 κατὰ
1190 3051 1260 3118 τοὺς
1271 3050 1408 3133 Ἱέρωνος

253 3157 379 3239 χρόνους
401 3154 530 3219 κατὰτὸ
555 3153 651 3232 μέσον
666 3153 787 3237 ῥυέντες
809 3151 952 3240 (ποταμοὶ
974 3153 1080 3240 πυρὸς)
1103 3158 1207 3218 πολλὰ
1229 3155 1407 3239 διέφθειραν

252 3261 358 3342 χωρία.

297 3407 349 3462 75.
373 3394 498 3459 Mar‘m.
517 3392 600 3459 Par.
623 3410 665 3475 52
687 3392 775 3481 (67):
798 3393 870 3475 Ἀφ’
885 3394 920 3459 ού
940 3395 959 3473 ἠ
983 3398 1016 3460 ἐν
1038 3394 1107 3483 (68)
1130 3401 1300 3464 Πλαταιαῖς
1319 3397 1404 3483 μάχη

251 3502 373 3584 ἐγένετο
387 3498 558 3578 Ἀθηναίοις
572 3505 646 3582 πρὸς
660 3500 834 3580 Μαρδόνιον
849 3500 902 3564 τὸν
918 3498 1035 3581 Ξέρξου
1050 3502 1229 3582 στρατηγόν,
1244 3498 1281 3580 ἢν
1298 3502 1404 3567 ἐνίκων

252 3605 420 3685 Ἀθηναῖοι,
445 3602 493 3668 καὶ
518 3605 690 3684 Μαρδόνιος
715 3604 913 3683 ἐτελεύτησεν
942 3606 976 3669 ἐν
1003 3608 1051 3683 τῆι
1077 3603 1173 3688 μάχηι
1203 3603 1252 3669 καέ
1279 3612 1315 3670 τδ
1344 3612 1404 3689 πῦρ

249 3709 336 3793 έρρύη
349 3709 433 3794 κ[ἃου
444 3706 515 3794 (69)
527 3709 560 3771 ἐν
572 3705 717 3789 Σικ]ελίαι
728 3709 797 3790 περὶ
812 3708 868 3788 τὴν
879 3709 1014 3789 Αίτυίαν,
1026 3709 1077 3787 ἔτη
1095 3705 1243 3786 ΗΗΔῘἾΙ,
1256 3710 1403 3793 άρχουτος

247 3811 396 3892 Ἀθήνησι
411 3807 626 3897 Ξαν(θ)ίππου.

298 3960 350 4015 76.
373 3947 423 4012 Cf.
438 3947 603 4014 Eusebius
617 3948 729 4035 (θροιο.
745 3951 819 4034 489.
840 3948 915 4036 14):
947 3956 1012 4032 Πῦρ
1036 3955 1069 4017 ἐκ
1090 3954 1144 4029 τῆς
1163 3955 1272 4031 Αἴτνης
1289 3953 1321 4016 ἐν
1339 3957 1402 4019 τοῖς

249 4055 324 4116 κατὰ
343 4055 488 4118 Σικελίαν
510 4051 614 4119 τόποις
637 4054 754 4138 έρράγη.
811 4054 947 4121 Hieron.
979 4053 1025 4120 Ol.
1057 4054 1108 4120 88.
1138 4076 1178 4142 3:
1210 4056 1263 4120 Ex
1288 4056 1401 4121 Aetna

247 4161 361 4220 monto
381 4153 469 4240 ignis
484 4155 602 4239 erupit.

291 4303 342 4359 77.
363 4291 466 4358 Thuc.
482 4291 528 4357 iii.
548 4296 620 4359 116.
