3000 5046
169 381 229 447 θα]
581 370 916 431 BIOGRAPHICAL.
1261 383 1319 446 251

170 566 283 648 διῆγεν,
298 565 333 629 ού
347 565 427 630 πάνυ
441 592 469 629 τι
485 571 549 633 τοῖς
563 563 754 645 Ἑλληνικοῖς
773 567 929 649 πράγμασι
943 564 1102 644 βασιλέως
1117 562 1322 646 προσέχοντος

170 667 219 732 ὑπ’
236 669 393 753 ἀσχολιῶν
409 672 477 752 περὶ
492 670 546 738 τὰς
562 670 624 734 ἀνω
639 668 773 750 πράξεις.
821 670 860 736 ῶς
875 670 900 733 δ’
914 668 1065 752 Αἴγυπτός
1081 693 1113 732 τε
1130 667 1321 749 ἀφισταμένη

170 773 364 849 βοηθούντων
389 773 558 852 Ἀθηναίων
581 777 630 838 καὶ
652 773 781 857 τριήρεις
807 769 986 850 Ἑλληνικαὶ
1012 773 1101 854 μέχρι
1128 771 1250 853 Κύπρου
1273 766 1321 834 καί

171 877 309 942 Κιλικίας
325 877 534 941 ἀναπλέουσαι
556 875 605 942 καὶ
624 879 727 957 Κίμων
750 881 996 957 θαλαττοκρατῶν
1019 877 1208 956 ἐπέστρεψεν
1230 874 1322 939 αὐτὸν

170 979 388 1061 ἀντεπιχειρεῖν
403 985 467 1047 τοῖς
479 979 615 1058 Ἕλλησι
638 980 685 1046 καί
705 979 831 1045 κωλύειν
849 978 1067 1060 αὐξανομένους
1085 976 1133 1041 ἐπ’
1149 976 1250 1055 αὐτόν,
1264 975 1320 1056 ἤδη

171 1084 203 1145 δὲ
220 1078 268 1145 καί
283 1081 423 1163 δυνάμεις
441 1086 593 1149 ἐκινοῦντο
609 1085 658 1148 καὶ
672 1080 837 1166 στρατηγοὶ
857 1084 1057 1163 διεπέμποντο
1076 1082 1122 1145 καὶ
1141 1079 1322 1157 κατέβαινον

171 1186 213 1249 είς
229 1188 411 1267 Μαγνησίαν
432 1189 574 1271 ἀγγελίαι
593 1188 666 1269 πρὸς
682 1185 904 1268 Θεμιστοκλέα,
918 1192 978 1248 τῶν
991 1182 1181 1264 Ἑλληνικῶν
1197 1181 1320 1261 ἐξάπτε-

171 1292 243 1352 σθαι
271 1291 447 1358 κελιύαντος
472 1292 631 1370 βασιλέως
657 1292 705 1355 καὶ
731 1297 883 1372 βεβαιοῦν
904 1289 957 1357 τὰς
978 1288 1170 1370 ὑποσχέσεις,
1194 1287 1260 1352 υύτε
1284 1287 1322 1352 δι’

171 1391 263 1473 ἀργήν
276 1419 343 1456 τινα
358 1393 553 1477 παροξυνθεὶς
570 1399 644 1459 κατὰ
660 1402 720 1459 τῶν
734 1399 867 1460 πολιτῶν
879 1393 947 1458 οῦτε
959 1395 1098 1472 ἐπαρθεὶς
1108 1390 1179 1478 τιμῇ
1190 1393 1321 1479 τοσαύτη

171 1493 220 1560 καί
235 1496 356 1576 δυνάμει
372 1504 445 1580 πρὸς
461 1505 513 1562 τὸν
528 1500 671 1578 πόλεμον,
688 1499 759 1562 ἀλλ’
774 1501 848 1565 ἴσως
868 1500 923 1578 μὲν
944 1498 995 1561 οῦκ
1017 1500 1140 1578 έφικτδν
1157 1495 1321 1580 ῆγούμενος

170 1606 204 1664 τὸ
221 1600 318 1684 ἔργον,
334 1600 449 1668 ἀλλους
465 1627 498 1665 τε
513 1602 664 1684 μεγάλους
680 1604 731 1679 τῆς
742 1599 894 1667 Ἑλλάδος
909 1601 1038 1686 έχαύσης
1053 1601 1238 1684 στρατηγοὺς
1252 1601 1322 1666 τότε

172 1700 219 1766 καὶ
232 1704 368 1782 Κίμωνος
379 1707 539 1785 ὑπερφυῶς
552 1705 761 1788 εὐημεροῦντος
773 1709 806 1770 έν
817 1711 880 1773 ταῖς
891 1709 1076 1783 πολεμικοῖς,
1084 1709 1118 1767 τὸ
1131 1705 1162 1767 δὲ
1173 1708 1322 1768 πλεῖστον

105 1881 110 1889 Ι
171 1808 251 1870 αἰδοῖ
265 1809 316 1884 τῆς
332 1833 365 1870 τε
381 1808 470 1887 δόξης
484 1815 545 1872 τῶν
557 1807 694 1891 πράξεων
705 1815 765 1874 τῶν
777 1812 881 1873 ἑαυτοῦ
893 1804 941 1872 καὶ
953 1813 1013 1872 τῶν
1024 1807 1175 1888 τροπαίων
1189 1807 1320 1886 ἐκείνων,

171 1908 277 1988 ἄριστα
300 1911 546 1990 βουλευσάμενος
571 1913 720 1976 έπιθεῖναι
744 1911 784 1999 τῷ
803 1913 863 1997 βίῳ
889 1913 945 1991 τῆν
968 1910 1113 1988 τελευτὴν
1135 1909 1320 1991 πρέπουσαν,

172 2011 262 2077 ἔθυσε
284 2020 347 2080 τοῖς
370 2020 459 2091 θεοῖς,
482 2017 531 2078 καὶ
553 2015 620 2082 τοῦς
641 2016 749 2097 φίλους
770 2016 949 2098 συναγαγὼν
966 2012 1014 2078 καὶ
1035 2011 1266 2094 δεξιωσάμενος,
1282 2014 1322 2081 ῶς

170 2117 226 2193 μὲν
241 2118 258 2179 6
273 2117 368 2184 πολῦς
390 2120 490 2200 λόγος,
509 2121 584 2199 αίμα
603 2121 740 2200 ταύρειον
760 2121 847 2196 πιόν,
864 2119 904 2186 ῶς
925 2119 951 2184 δ’
966 2119 1050 2198 ἔνιοι,
1068 2118 1228 2200 φάρμακον
1245 2116 1322 2198 ἐφῆ-

97 2283 100 2289 .
170 2245 262 2300 μερον
284 2222 570 2305 προσενεγκάμενος,
597 2226 630 2287 έν
653 2224 818 2307 Μαγνησίᾳ
839 2222 1027 2305 κατέστρεψε
1051 2221 1142 2286 πέντε
1163 2227 1238 2302 πρδς
1257 2226 1322 2288 τοῖς

171 2321 314 2401 έξῆκοντα
336 2328 498 2405 βεβιωκὼς
521 2328 573 2406 ἔτη
597 2328 646 2391 καί
669 2327 707 2392 τὰ
730 2332 863 2392 πλεῖστα
883 2327 996 2392 τούτων
1019 2328 1053 2391 ἐν
1078 2326 1247 2393 πολιτείαις
1272 2323 1321 2389 καί

170 2424 353 2508 ἡγεμονίαις.
397 2430 452 2508 τῆν
478 2431 504 2495 δ’
527 2431 625 2495 αίτίον
646 2436 698 2495 τοῦ
721 2432 849 2496 θανάτου
873 2429 920 2495 καὶ
943 2436 996 2496 τδν
1019 2431 1130 2512 τρόπον
1151 2433 1321 2511 πυθόμενον

171 2530 307 2608 βασιλέα
328 2531 474 2616 λέγουσιν
497 2536 542 2600 έτι
560 2538 681 2613 μᾶλλον
704 2535 854 2614 θαυμάσαι
872 2540 926 2601 τδν
947 2535 1038 2612 ἀνδρα
1063 2531 1111 2598 καὶ
1134 2540 1197 2600 τοῖς
1217 2535 1322 2614 φίλοις

172 2632 262 2697 αὐτοῦ
278 2638 326 2699 καὶ
342 2638 460 2704 οίκιίοις
475 2639 632 2721 χριόμενον
647 2644 797 2704 διατελεῖν
812 2638 1045 2721 φιλανθρώπως.

216 2766 270 2820 30.
294 2755 379 2822 ΡΙιιί.
399 2756 508 2822 Them.
528 2778 589 2844 32:
611 2760 762 2826 Ἀπέλιπε
785 2763 818 2825 δὲ
845 2762 1057 2841 Θεμιστοκλῆς
1080 2764 1187 2826 παῖδας
1210 2761 1243 2823 έκ
1264 2761 1322 2839 μὲν

172 2858 340 2940 Ἀρχίππης
351 2865 403 2940 τῆς
414 2864 590 2945 Λυσάνδρου
605 2869 657 2927 τοῦ
668 2863 881 2943 Ἀλωπεκῆθεν
891 2862 1095 2948 ’λρχέπταλιν
1107 2862 1154 2928 καί
1166 2863 1321 2927 Πολύευκ-

172 2987 223 3025 τον
239 2960 288 3026 καὶ
305 2967 512 3046 Κλεόφαντον,
528 2967 563 3030 οῦ
579 2964 628 3030 καὶ
644 2965 777 3031 Πλάτων
793 2969 809 3031 6
825 2968 1001 3051 φιλόσοφος
1013 2967 1052 3034 ῶς
1066 2965 1178 3033 ἱππέως
1189 2967 1321 3047 ἀρίστου,

171 3066 273 3130 τᾶλλα
288 3065 313 3129 δ’
330 3068 449 3134 οὐδενὸς
466 3068 552 3148 ἀξίου
566 3070 727 3153 γενομένου
740 3071 928 3152 μνημονεύει.
971 3077 1032 3135 τῶν
1051 3072 1084 3134 δὲ
1103 3070 1321 3152 πρεσβυτάτων

171 3171 311 3249 Νεοκλῆς
332 3175 388 3250 μὲν
411 3173 455 3236 έτι
477 3179 549 3240 παῖς
572 3173 613 3238 ῶν
635 3171 687 3252 ὑφ’
710 3176 803 3239 ίππον
825 3175 946 3258 δηχθεὶς
969 3175 1109 3251 ἀπέθανε,
1132 3172 1321 3238 Διοκλέαδέ

171 3274 345 3354 Λύσανδρος
361 3276 378 3337 6
399 3274 521 3342 πάππος
541 3278 607 3342 νίδν
622 3275 796 3354 ἐποιήσατο.
842 3276 1005 3360 θυγατέρας
1022 3281 1055 3342 δὲ
1076 3278 1200 3343 πλείους
1218 3276 1321 3361 ἔσχεν,

171 3379 212 3441 ῶν
230 3378 492 3457 Μνησιπτολέμαν
505 3382 561 3461 μὲν
576 3383 609 3444 ἐκ
623 3384 677 3458 τῆς
693 3382 929 3460 έπιγαμηθείσης
943 3382 1106 3463 γενομένην
1120 3379 1321 3464 Ἀρχέπτολις

172 3482 189 3541 6
205 3482 338 3562 ἀδελφὸς
355 3485 407 3546 οῦκ
429 3481 471 3546 ῶν
489 3481 667 3564 όμαμήτριος
682 3483 802 3564 έγημεν,
817 3484 949 3548 Ἰταλίαν
969 3485 1002 3548 δὲ
1019 3486 1189 3563 Πανθοίδης
1204 3486 1221 3547 6
1236 3488 1319 3561 Χῖος,

173 3584 307 3666 Σύβαριν
333 3587 365 3649 δέ
392 3585 566 3666 Νικομήδης
593 3588 609 3650 6
635 3584 803 3664 Ἀθηναῖος·
849 3585 1028 3668 Νικομάχην
1049 3591 1082 3651 δὲ
1105 3589 1281 3669 Φρασικλῆς
1304 3590 1321 3651 6

172 3689 353 3769 ἀδελφιδοῦς
370 3691 623 3771 Θεμιστοκλέους,
638 3689 694 3770 ἤδη
713 3693 956 3770 τετελευτηκότος
978 3691 1099 3770 ἐκείνου,
1120 3691 1256 3758 πλεύσας
1276 3692 1321 3759 είς

173 3793 356 3873 Μαγνησίαν
386 3795 482 3874 έλαβε
509 3793 590 3876 παρὰ
616 3800 676 3859 τῶν
703 3795 851 3872 ἀδελφῶν,
879 3793 1031 3873 νεωτάτην
1056 3796 1089 3858 δὲ
1115 3793 1236 3858 πάντων
1261 3801 1322 3860 τῶν

171 3896 283 3961 τέκνων
303 3897 412 3962 Ἀσίαν
435 3899 554 3981 ἔθρεψε.
601 3896 649 3963 καὶ
670 3898 771 3982 τάφον
789 3899 845 3978 μὲν
863 3899 952 3962 αὐτοῦ
973 3905 1112 3979 λαμπρὸν
1127 3900 1160 3963 έν
1175 3898 1211 3987 τῇ
1226 3898 1323 3984 ἀγορᾷ

172 4003 333 4085 Μάγνητες
354 4005 469 4086 έχουσι·
499 4001 568 4086 περὶ
591 4007 624 4070 δὲ
646 4012 706 4070 τῶν
728 4003 886 4086 λειψάνων
907 4000 969 4068 οὔτ’
982 4002 1141 4090 Ἀνδοκίδη
1156 4003 1322 4088 προσέχειν

171 4105 257 4186 ἀξιον
280 4109 313 4173 έν
335 4104 376 4193 τῷ
394 4112 476 4189 Πρδς
500 4108 569 4175 τοὺς
591 4109 724 4188 ἑταίρους
746 4107 877 4190 λέγοντι,
900 4106 1102 4190 φωράσαντας
1124 4107 1162 4172 τὰ
1187 4109 1322 4191 λείψανα

171 4216 326 4293 διαρρῖψαι
341 4211 409 4278 τοὺς
424 4210 601 4290 Ἀθηναίους
623 4207 781 4296 (ψεύδεται
801 4210 860 4294 γάρ
883 4208 932 4277 ἐπὶ
953 4212 1008 4276 τὸν
1029 4216 1124 4293 δῆμον
1145 4210 1322 4291 παροξύνων

171 4314 240 4380 τοὺς
260 4314 494 4401 ὀλιγαρχικούς),
517 4317 534 4378 6
556 4341 590 4380 τε
612 4318 782 4400 Φύλαρχος,
800 4318 904 4398 ὥσπερ
924 4317 957 4380 έν
974 4317 1123 4402 τραγῳδία
1145 4312 1181 4402 τῆ
1204 4316 1321 4402 ἱστορίη

170 4417 299 4498 μονονοὺ
312 4418 452 4502 μηχανῆν
471 4417 545 4498 ἀρας
564 4415 613 4482 καί
631 4419 812 4501 προαγαγιδν
831 4418 971 4483 Νεοκλέα
984 4421 1052 4482 τινδ
1067 4421 1114 4482 καὶ
1130 4419 1320 4498 Δημόπολιν,

173 4519 253 4588 υἱοὺς
278 4521 531 4603 Θεμιστοκλέους,
552 4523 656 4605 ἀγῶνα
678 4522 825 4603 βούλεται
848 4526 941 4588 κινεῖν
964 4523 1013 4587 καὶ
1035 4520 1141 4598 πάθος,
1165 4519 1182 4586 δ
1204 4518 1265 4590 οὐδ’
1281 4521 1320 4590 ἀν
