3000 5046
142 379 284 443 τις-ιιι]
548 362 881 426 BIOGRAPHICAL
1236 361 1296 423 281

143 565 266 644 ὀνόματι
301 561 467 644 Ποριστῆν,
500 559 549 627 καὶ
586 567 639 626 τὸν
672 561 827 626 Λυσικλέα
859 559 968 643 ῥήτορα
1005 561 1175 624 δεινότατον
1212 583 1296 623 κατε-

143 667 323 744 σκευάσατο,
353 666 487 746 καθάπερ
520 663 568 730 καί
598 665 752 747 Περικλέα
780 668 961 745 δημηγορεῖν
992 663 1226 745 παρεσκεύασεν,
1257 662 1297 728 ὣς

143 771 292 852 Αἰσχίνης
319 772 336 834 6
363 775 552 852 Σωκρατικὸς
582 772 615 834 ἐν
641 769 775 854 διαλόγῳ
803 768 925 852 Καλλίᾳ
951 767 1000 830 καὶ
1027 764 1158 829 Πλάτων
1188 766 1297 845 δμοίως

143 875 302 954 Πεδήταις.
348 872 519 955 1Κρατῖνος
544 873 575 936 δέ
602 869 748 958 Ὀμφάλῃ
772 873 917 953 τύραννον
946 871 1039 950 αιίτῆν
1065 873 1159 946 καλεί,
1186 870 1297 950 χείρων

143 977 277 1044 Εὔπολις
307 979 416 1042 Φίλοις
430 976 456 1014 ¹·
492 977 526 1040 ἐν
551 978 584 1040 δέ
613 977 842 1057 Προσπαλτίοις
866 973 995 1052 Ἐλένην
1026 972 1119 1053 αύτῆυ
1148 976 1242 1036 καλεῖ·
1280 974 1296 1036 6

143 1084 175 1146 δέ
202 1085 347 1161 Κρατῖνος
375 1077 423 1143 καί
445 1078 558 1160 Ἥραν,
580 1082 655 1145 ἴσως
679 1080 726 1143 ότι
749 1079 798 1143 καὶ
824 1081 974 1159 Περικλῆς
1000 1076 1168 1151 Ὀλύμπιος
1199 1100 1296 1156 προσ-

142 1183 312 1265 ηγορεύετο.
337 1185 412 1265 ἔσχε
424 1185 456 1247 δέ
469 1181 505 1262 ἐξ
513 1183 603 1261 αύτῆς
614 1183 631 1246 6
643 1184 795 1265 Περικλῆς
807 1183 896 1247 νόθον
905 1181 983 1258 υἱόν,
995 1179 1045 1261 ἐφ’
1056 1176 1080 1265 ᾧ
1090 1177 1139 1244 καὶ
1155 1179 1296 1244 ἐτελεύτα

142 1293 202 1352 τῶν
216 1288 352 1370 γνησίων
367 1287 648 1368 προαποθανόντων,
664 1286 704 1352 ὧς
719 1286 854 1352 Εὔπολις
870 1283 994 1364 Δήμοις.

185 1441 257 1496 143.
282 1430 421 1497 Suidas:
437 1431 604 1496 Ἀσπασία.
627 1432 855 1514 πολυθρύλητος
869 1430 996 1513 γέγονεν
1007 1431 1090 1508 αύτη.
1115 1427 1152 1509 ῆν
1164 1429 1197 1492 δέ
1207 1431 1296 1511 γένος

144 1536 297 1613 Μιλησία,
312 1536 395 1616 δεινῆ
418 1537 450 1600 δέ
471 1537 539 1617 περὶ
558 1536 679 1619 λόγους.
724 1533 910 1617 Περικλέους
928 1532 961 1598 δέ
980 1541 1078 1615 φασιν
1100 1532 1191 1610 ούτῆν
1213 1530 1295 1596 διδά-

142 1646 259 1702 σκαλον
287 1638 349 1720 ἀμο
379 1641 428 1704 καί
458 1637 609 1723 ἐρωμένην
639 1639 725 1704 εἶναι.
770 1644 855 1703 δοκεῖ
878 1642 912 1705 δέ
935 1642 1019 1703 δυοῖν
1045 1635 1189 1715 πολέμων
1215 1636 1296 1700 αίτία

142 1742 310 1823 γεγονέναι,
323 1747 375 1806 τοῦ
390 1768 422 1807 τε
435 1747 586 1823 Σαμιακοῦ
605 1745 654 1807 καὶ
669 1749 722 1807 τοῦ
731 1746 1030 1821 Πελοποννησιακοῦ.
1055 1745 1135 1805 δοκεῖ
1149 1744 1182 1804 δέ
1198 1736 1247 1803 καί
1263 1737 1299 1819 ἐξ

143 1846 232 1924 αὐτῆς
248 1847 410 1928 ἐσχηκέναι
426 1851 579 1928 Περικλῆς
594 1852 647 1913 τὸν
662 1849 817 1928 όμιόνυμον
836 1847 915 1933 αὐτῷ
931 1844 1084 1927 Περικλέα
1099 1844 1152 1909 τὸν
1167 1846 1266 1909 νόθον.

182 1948 252 2013 Ὀτι
264 1946 432 2015 Ἀσπασίαι
448 1951 500 2014 δύο
515 1953 637 2032 ἑταῖραι.
660 1952 696 2039 τῇ
712 1952 745 2015 δέ
755 1949 811 2034 μιᾷ
820 1951 933 2015 τούτων
948 1950 1090 2034 ἐκέχρητο
1103 1951 1119 2012 6
1131 1951 1294 2028 Περικλῆς·

142 2052 179 2116 δι’
202 2051 239 2132 ῆν
261 2054 415 2135 ὀργισθεὶς
436 2055 554 2137 ἔγραψε
576 2054 612 2118 τδ
640 2053 714 2118 κατὰ
737 2053 904 2138 Μεγαρέων
927 2054 1086 2137 ψήφισμα,
1108 2054 1296 2135 ἀπαγορεῦον

143 2155 287 2239 δέχεσθαι
318 2156 424 2223 αὐτοὺς
457 2158 498 2223 είς
530 2155 585 2223 τὰς
613 2154 752 2236 Ἀθῆνας.
793 2158 864 2223 ὅθεν
896 2158 1004 2223 ἐκεῖνοι
1037 2155 1206 2238 εἰργόμενοι
1235 2159 1296 2220 τῶν

141 2257 310 2336 Ἀθηναίων
330 2260 527 2341 προσέφυγον
547 2264 609 2326 τοῖς
630 2265 885 2343 Λακεδαιμονίοις.
926 2260 945 2339 ῆ
969 2262 1000 2324 δέ
1019 2259 1178 2324 Ἀσπασία
1200 2261 1294 2340 σοφί-

144 2387 230 2444 στρια
247 2361 282 2442 ῆν
298 2365 347 2428 καὶ
368 2363 553 2431 διδάσκαλος
575 2365 678 2447 λόγων
698 2365 873 2448 ῥητορικῶν.
904 2366 1032 2447 ὕστερον
1059 2367 1092 2428 δὲ
1116 2360 1164 2427 καί
1179 2362 1295 2446 γαμετὴ

143 2462 233 2526 αὐτοῦ
246 2461 380 2545 γέγονεν.

186 2561 237 2627 cf.
254 2562 362 2630 schol.
379 2564 415 2629 in
429 2565 487 2630 Ar.
505 2565 585 2631 Am.
602 2580 676 2648 527.

185 2711 258 2765 144.
280 2702 402 2768 Athen.
422 2722 494 2767 xm
514 2701 647 2788 589D:
670 2706 822 2788 Περικλῆς
849 2709 880 2771 δὲ
908 2706 925 2769 6
948 2703 1171 2786 Ὀλύμπιος,”
1150 2729 1189 2770 ως
1216 2710 1295 2785 φησι

143 2806 298 2890 Κλέαρχος
315 2808 348 2872 ἐν
364 2809 471 2893 πράτιρ
486 2804 738 2895 Ἐρωτικωνῌν.
751 2823 793 2894 35
809 2806 844 2874 θ’.
857 2808 901 2873 Η.
917 2807 988 2874 (Γ
966 2830 1000 2874 11.
1013 2804 1153 2895 314),’
1121 2833 1178 2890 ονχ
1193 2807 1295 2872 ἕνεκεν

141 2907 444 2975 Ἀσπασίας-ού
409 2937 460 2989 της
476 2910 622 2995 νεωτέρας
642 2912 776 2976 ἀλλὰ
741 2938 793 2993 της
810 2913 1020 2995 Σωκράτει
978 2937 1020 2997 τιρ
1038 2913 1127 2997 σοφῷ
1147 2935 1293 2995 συγγενο-

142 3011 382 3095 μένης-καίπερ
397 3021 576 3093 τηλικοῦτον
594 3014 710 3096 ἀξίωμα
728 3015 880 3082 συνέσεως
900 3017 949 3081 καὶ
967 3017 1124 3094 πολιτικῆς
1143 3013 1295 3095 δυνάμεως

143 3117 392 3197 κτησάμενος,’
362 3145 395 3182 ον
418 3117 600 3200 συνετάραξε
622 3125 724 3185 πᾶσαν
749 3146 804 3201 την
824 3119 986 3196 Ελλάδα,·
1013 3119 1051 3200 ῆν
1076 3119 1101 3184 δ’
1128 3119 1213 3186 οὗτος
1231 3117 1293 3206 <ό>

143 3220 217 3302 ἀνῆρ
232 3226 305 3301 πρὸς
321 3222 484 3304 ἀφροδίσια
505 3222 584 3289 πάνυ
603 3223 781 3305 καταφερής·
813 3226 898 3291 ὅστις
914 3221 962 3289 καὶ
978 3226 1014 3310 τῆ
1030 3227 1082 3288 τοῦ
1096 3226 1161 3288 υίοῦ
1175 3225 1295 3305 γυναικί

144 3327 247 3401 συνῆν,
272 3327 310 3391 ὡς
327 3327 556 3409 Στησίμβροτος
578 3329 594 3390 6
614 3326 732 3394 Θάσιος
756 3330 880 3411 ίστορεῖ,
904 3331 978 3393 κατὰ
1000 3327 1069 3394 τοὺς
1092 3327 1199 3394 αὐτοὺς
1221 3324 1299 3413 αὐτῷ

143 3430 268 3509 χρόνους
279 3430 441 3509 γενόμενος
451 3433 498 3494 καὶ
511 3432 648 3512 ἑωρακὼς
658 3430 757 3507 αὐτόν,
768 3433 801 3497 ἐν
811 3429 850 3516 τῷ
858 3432 1088 3515 ἐπιγραφομένῳ
1099 3430 1167 3512 περὶ
1178 3434 1294 3509 Θεμισ-

143 3533 286 3597 τοκλέους
304 3531 352 3594 καί
375 3534 560 3597 Θουκυδιδου
580 3535 629 3597 καὶ
648 3533 842 3615 Περικλέους.
876 3531 927 3620 (θ’.
946 3533 992 3598 Η.
1014 3531 1051 3598 θ.
1070 3532 1105 3597 ii.
1120 3534 1163 3615 56
1170 3530 1222 3616 sr.
1242 3532 1296 3619 10)

143 3635 339 3712 Ἀντισθένης
360 3634 384 3699 δ’
403 3637 419 3698 6
435 3641 623 3720 Σωκρατικὸς
646 3637 813 3718 ἐρασθέντα
835 3638 932 3718 φησὶν
953 3639 1042 3702 αὐτὸν
1053 3636 1227 3703 Ἀσπασίας
1249 3639 1295 3704 δὶς

144 3739 198 3814 τῆς
212 3736 324 3817 ἡμέρας
342 3739 477 3804 εἰσιόντα
491 3737 540 3804 καί
557 3738 675 3819 ἐξιόντα
691 3737 742 3804 ἀπ’
753 3739 844 3820 αὐτῆς
855 3738 1047 3819 ἀσπάζεσθαι
1058 3739 1113 3820 τῆν
1125 3738 1293 3821 ἀνθρωπον,

143 3838 191 3904 καὶ
208 3842 380 3923 φευγούσης
391 3847 463 3908 ποτὲ
476 3843 566 3922 αὐτῆς
578 3844 699 3926 γραφῆν
710 3844 857 3924 ἀσεβείας
868 3842 969 3926 λέγων
979 3845 1054 3925 ὑπὲρ
1066 3843 1153 3920 αὐτῆς
1165 3844 1295 3909 πλείονα

144 3943 308 4028 ἐδάκρυσεν
319 3943 338 4024 ῆ
351 3948 400 4010 ὅτε
413 3949 487 4031 ὑπὲρ
498 3952 549 4012 τοῦ
560 3950 632 4028 βίον
649 3946 761 4027 καὶτῆς
778 3949 881 4015 οὐσίας
896 3948 1073 4013 ἐκινδύνευε.
1098 3948 1147 4010 καὶ
1157 3947 1294 4027 Κίμωνος

30 4092 34 4099 ·
142 4045 169 4111 δ’
183 4045 344 4136 Ἐλπινίκῃ
360 4075 396 4136 τῃ
411 4051 530 4140 ἀδελφῇ
547 4052 727 4133 παρανόμως
742 4052 893 4131 συνόντος,
906 4050 961 4116 εἶθ’
974 4053 1101 4133 ὕστερον
1117 4052 1293 4132 ἐκδοθείσης

143 4153 274 4235 Καλλίᾳ,
306 4151 355 4216 καὶ
385 4155 624 4237 φυγαδευθέντος
653 4154 766 4236 μισθὸν
793 4155 890 4233 ἔλαβε
919 4158 972 4234 τῆς
1003 4156 1131 4220 καθόδου
1161 4154 1249 4220 αὐτοῦ
1276 4157 1293 4219 6

143 4257 294 4334 Περικλῆς
309 4255 343 4317 τὸ
358 4259 395 4342 τη
410 4256 570 4344 Ἐλπινίκῃ
584 4261 738 4341 μιχθῆναι.

142 4429 344 4559 δὶΙΕΜεὶοεΙιὶρο
352 4433 389 4482 it·
399 4434 558 4485 emendavit:
569 4435 684 4500 Κρατῖνος
695 4433 721 4487 δέ
731 4432 862 4500 Ὀμφάλην
872 4434 949 4499 σία-ῆν
959 4435 1035 4485 ιιαλεῖ
1042 4433 1166 4500 Χείρυαιν,
1173 4431 1292 4499 τύρωναν
1359 4408 1361 4412 ⁴

201 4506 282 4560 ύπολιε
293 4514 383 4562 Mons.
