3000 5046
217 360 280 424 302
463 342 633 404 SPARTA
660 341 754 401 AND
777 339 1123 401 PELOPONNESOS.
1232 350 1370 416 [olam

218 539 383 623 δυναμένου
402 543 598 622 διακριθῆναι,
613 541 766 605 διετέλουν
784 543 890 605 τοῦτον
908 543 962 605 τδυ
982 538 1093 622 χρόνον
1111 536 1265 617 ἀλλήλους
1280 560 1371 600 κακα·

218 669 382 712 παιαυντες.

639 795 703 863 Τίνα
724 795 950 883 Εαυίδηωαίισ.

263 949 318 1004 68.
341 935 498 1024 Polym.
521 935 544 1000 i.
570 954 624 1014 41.
651 955 691 1021 3:
730 937 973 1017 Λακεδαιμονίων
997 933 1016 1014 ἡ
1043 935 1134 1002 πόλις
1159 936 1296 1015 έσείσθη,
1319 931 1371 1000 καῖ

219 1041 308 1108 πέντε
329 1042 420 1122 μόναι
442 1041 634 1120 διεσιέθησαν
656 1041 758 1105 αίκίαι.
802 1039 983 1125 Ἀρχίδαμος
1006 1040 1084 1121 όριῖν
1105 1039 1175 1107 τοὺς
1196 1039 1371 1121 ἀνθρόπαυς

219 1142 269 1209 έπδ
294 1144 329 1209 τδ
356 1143 465 1223 σόζειν
487 1145 526 1207 τδ
548 1144 582 1207 έν
605 1146 671 1209 ταῖς
696 1143 803 1209 αἰκίαις
826 1141 1038 1226 τραπομένους,
1064 1141 1168 1208 δείσας
1190 1142 1231 1222 μή
1256 1140 1371 1209 πάντες

219 1246 448 1332 ἀποληφθέντες
467 1247 643 1325 ἀπόλοιντο,
665 1248 701 1333 τῇ
726 1245 875 1328 σάλπιγγι
897 1246 1053 1326 πολεμίων
1075 1246 1188 1328 έφοδαυ
1209 1243 1369 1326 ἐσήμηνεν.

218 1351 436 1417 πιστεύσαντες
467 1351 496 1414 αί
520 1350 660 1417 λάκωνες
689 1355 764 1433 πρὸς
793 1349 884 1414 αι’ττδν
907 1349 1101 1431 συνέδραμον·
1138 1350 1170 1414 αί
1197 1351 1254 1430 μὲν
1279 1350 1370 1415 αίκίαι

218 1453 399 1532 συνέπεσον,
412 1450 496 1518 αι’νταδ
511 1456 545 1520 δὲ
559 1454 653 1521 οὕτως
667 1453 839 1532 έσόθησαν.

262 1612 318 1667 60.
339 1598 411 1667 Ael.
433 1599 471 1666 V.
487 1597 534 1665 H.
550 1597 594 1664 vi.
616 1613 657 1682 7:
682 1597 758 1665 Ὅτε
781 1601 811 1665 οί
830 1600 1058 1682 Λακεδαιμόνιοι
1079 1599 1148 1666 τοὺς
1170 1603 1203 1666 έκ
1217 1598 1370 1683 Ταινάρου

218 1706 318 1772 ίκέτας
348 1701 656 1787 παρασπανδήσαντες
681 1702 854 1782 ἀνέστησαν
877 1701 927 1768 καὶ
956 1703 1132 1770 ἀπέκτειναν
1155 1701 1250 1791 (ἦσαν
1274 1707 1307 1770 δέ
1339 1706 1370 1770 αῖ

219 1809 314 1875 ίκέται
328 1817 389 1874 τῶν
404 1805 569 1894 Είλιίτιιν),
586 1807 661 1873 κατά
681 1810 773 1889 μῆνιν
787 1812 838 1873 ταῖν
854 1813 1049 1876 Ποσειδῶνας
1066 1815 1194 1889 σεισμὸς
1214 1809 1370 1874 έπιπεσδιν

218 1914 255 2001 τῇ
269 1913 393 1999 Σπάρτη
407 1912 463 1992 τὴν
485 1912 579 1978 πόλιν
599 1912 793 1994 ἀνδρειότατα
816 1912 1001 1990 κατέσεισεν,
1016 1913 1056 1981 ἀς
1075 1913 1166 1980 πέντε
1178 1914 1273 1994 μόνας
1292 1912 1370 1977 ἀπα·

216 2019 381 2100 λειφθῆναι
396 2017 492 2084 οίκίας
507 2017 543 2096 έξ
556 2015 679 2097 ἁπάσης
692 2017 745 2095 τῆς
760 2016 889 2084 πόλεως.

350 2279 414 2346 ww
436 2279 570 2367 Αρρααί
591 2286 624 2348 to
646 2279 782 2358 Αίδειιο,
804 2280 878 2348 and
902 2279 1062 2347 Κῖυιαιιά
1083 2280 1237 2350 Μῖαοιάιι.

261 2445 315 2503 70.
337 2435 396 2499 Ar.
410 2433 485 2522 Ῑνρσ.
503 2452 605 2522 1137:

348 2559 411 2620 ΛΤ.
436 2553 508 2637 Εἶτ’,
531 2554 555 2621 δν
577 2557 726 2637 Λάκωνες,
747 2557 822 2641 πρὸς
843 2557 901 2643 γάρ
921 2560 998 2639 ὑμᾶς
1020 2561 1179 2644 τρέψομαι,

434 2660 485 2725 οὐκ
508 2660 579 2738 ἴσθ’,
602 2662 647 2725 ὅτ’
669 2663 767 2727 έλθδν
790 2667 877 2744 δεῦρο
898 2666 1097 2746 Περικλείδας
1112 2669 1185 2732 ποτὲ

434 2766 451 2829 ό
473 2763 582 2830 Λάκων
603 2764 771 2847 Ἀθηναίων
792 2768 890 2846 ίκέτης
911 2768 1051 2847 καθέζετο

434 2869 486 2934 έπῖ
513 2873 595 2934 τοῖσι
615 2875 732 2950 βωμοῖς
756 2869 851 2954 άχρδς
874 2872 907 2936 έν
930 2873 1083 2953 φοινικίδι,

433 2971 578 3055 στρατιὰν
598 2981 796 3053 προσαιτῶν,·
826 2972 845 3053 ἡ
868 2979 901 3041 δὲ
923 2973 1070 3055 Μεσσήνη
1093 2975 1162 3042 τότε

433 3077 505 3158 ὑμῖν
526 3075 673 3154 ε’πέκειτα,
693 3077 739 3162 χῶ
763 3082 831 3146 θεὸς
854 3080 945 3145 σείων
966 3079 1037 3159 ἀμα.

434 3181 534 3246 έλθδν
556 3184 589 3246 δέ
611 3181 670 3245 σὺν
691 3180 848 3248 ὁπλίταισι
869 3185 1123 3269 τετρακισχιλίοις

436 3281 538 3364 Κίμων
559 3285 636 3363 ὅλην
658 3285 758 3351 έσωσε
779 3285 835 3367 τὴν
857 3288 1074 3369 Λακεδαίμονα.

261 3421 308 3480 Ἡ.
331 3409 441 3478 801101.
459 3411 506 3477 ad
520 3411 579 3477 ίαν.
595 3436 603 3476 τ
635 3416 689 3480 Είς
711 3413 869 3496 σύμβασιν
885 3417 992 3484 αὐτοὺς
1009 3419 1060 3483 καὶ
1075 3418 1186 3502 φιλίαν
1200 3445 1368 3502 προτρεπο-

217 3516 291 3597 μένη
315 3518 441 3600 άρχεται
466 3521 517 3581 τσΰ
543 3516 649 3585 αὐτοὺς
674 3518 913 3602 ὑπομιμνήσκειν
933 3523 976 3586 (δν
1001 3521 1081 3602 ἦσαν
1104 3522 1141 3604 έξ
1164 3522 1310 3604 ἀλλήλων
1336 3525 1369 3592 εδ

218 3620 411 3687 πεπονθότες.
451 3621 481 3684 αί
509 3624 565 3701 μὶν
594 3618 653 3704 γάρ
682 3619 837 3703 Ἀθηναῖοι
872 3626 1146 3709 καταπονουμένους
1175 3626 1280 3696 αὐτοὺς
1308 3628 1371 3694 θπδ

218 3724 406 3798 Μεσσηνίων
431 3722 666 3791 διέσωσαν
706 3727 798 3811 1138.
821 3732 914 3794 ταῦτα
944 3727 992 3793 καὶ
1022 3732 1051 3794 οί
1075 3733 1294 3816 συντεταχότες,
1315 3732 1370 3801 τὰς

218 3823 357 3894 Ἀτθίδας
377 3828 552 3910 [παροῦσιν
573 3828 642 3912 περὶ
665 3834 726 3894 τῶν
741 3834 992 3914 Λακεδαιμονίων·
1016 3836 1031 3896 ὁ
1054 3838 1087 3901 δὲ
1102 3834 1273 3919 Φιλόχαρός
1288 3844 1370 3918 φησι

219 3927 268 3995 καί
296 3930 352 4009 τὴν
376 3929 539 4013 ἡγεμονίαν
565 3932 634 4000 τοὺς
661 3930 839 4012 Ἀθηναίους
863 3941 976 4019 λαβεῖν
1000 3940 1051 4002 διδ
1075 3938 1130 4006 τὰς
1156 3939 1369 4024 κατασχούσας

218 4033 275 4114 τήν
296 4033 502 4114 Λακεδαίμονα
529 4035 758 4119 συμφοράς-θ
784 4047 951 4123 στρατηγὸς
974 4043 1226 4123 Λακεδαιμονίων.
1274 4061 1369 4122 1142.

219 4138 343 4219 σεισμοὶ
368 4140 427 4222 γδρ
454 4139 561 4222 συχναὶ
587 4143 728 4225 έγέναντα
750 4144 802 4211 ὅτε
826 4147 843 4209 ὁ
869 4148 1003 4226 πόλεμος
1027 4146 1227 4227 συνειστήκει.
1274 4167 1369 4228 1144

219 4240 332 4325 Κίμων,
350 4244 427 4324 μετδ
448 4241 502 4322 τὴν
524 4245 557 4310 έν
575 4248 744 4314 Πλαταιαῖς
764 4247 866 4333 μάχην
888 4248 933 4331 ιβ’
954 4252 1016 4316 έτει
1036 4252 1173 4333 ὕστερον.
1217 4258 1310 4317 ταῦτα
1332 4252 1370 4333 ήν

218 4346 271 4415 έΙῖ
285 4345 480 4429 Θεαγενίδου.
525 4345 574 4413 καὶ
593 4350 650 4434 γὰρ
668 4357 721 4415 τοῦ
735 4352 891 4434 Ταϋγέτου
912 4379 942 4418 τι
963 4353 1135 4439 παρερράγη
1151 4353 1200 4421 καὶ
1215 4360 1250 4419 τδ
1264 4355 1369 4441 ᾠδεῖον

217 4448 270 4519 καῖ
281 4446 368 4533 ίτφα
387 4449 438 4518 καῖ
459 4451 550 4518 αίκίαι
571 4458 724 4534 πλεῖσται,
743 4454 791 4521 καὶ
806 4455 982 4538 Μεσσήνιοι
1000 4458 1187 4525 ἀποστάντες
1203 4458 1370 4538 έπαλέμαυν
