3000 5046
167 367 209 425 92
386 350 616 408 EXTERNAL
642 350 838 408 HISTORY
862 350 920 408 OF
939 351 1123 421 ATHENS,
1188 361 1254 427 [στι
1264 362 1325 410 1η

169 545 208 610 ἀν
221 545 280 608 ύπδ
295 550 420 608 πολλῶν
440 547 574 609 ἀπλιτῶν
593 546 800 628 μοχιμῶτεραι
822 544 1047 626 προσφέροιντο
1068 549 1132 612 τοῖς
1154 545 1323 622 πολεμίοις.

170 649 359 714 ἐπιπλεύσας
381 651 414 712 δέ
436 646 472 735 τῇ
496 650 586 713 πόλει
609 655 668 712 τῶν
687 653 883 726 Φασηλιτῶν,
903 647 1065 727 Ἑλλήνων
1082 651 1141 728 μὲν
1162 650 1269 724 ὄντων,
1288 646 1324 712 ού

169 752 342 835 δεχομένων
357 756 388 816 δέ
404 759 456 816 τὸν
468 755 581 816 στόλον
596 753 664 816 οῦδὲ
675 752 872 832 βουλομένων
883 754 1074 833 ἀφίστασθαι
1084 752 1255 833 βασιλέως,
1267 750 1323 830 τήν

169 884 202 922 τε
222 859 323 941 χάραν
347 863 442 923 κακῶς
457 858 552 920 ἐποίει
574 854 623 920 καὶ
646 856 845 936 προσέβαλλε
868 861 930 923 τοῖς
952 857 1098 940 τείχεσιν.
1143 858 1172 919 σῖ
1194 860 1227 922 δὲ
1251 859 1324 920 Χῖαι

170 960 377 1042 συμπλέοντες
401 959 490 1045 αύτῷ,
514 960 589 1041 πρὸς
612 961 645 1024 δὲ
671 960 741 1025 τοὺς
767 962 947 1038 Φασηλίτας
972 962 1004 1023 έκ
1031 965 1163 1025 παλαιοῦ
1190 965 1323 1042 φιλικῶς

170 1065 304 1147 ἔχοντες,
320 1065 381 1142 άμα
396 1067 451 1143 μὲν
465 1064 519 1127 τδν
540 1065 663 1143 Κίμωνα
686 1063 900 1145 κατεπράϋνον,
916 1063 977 1141 ἅμα
999 1064 1032 1128 δὲ
1054 1063 1226 1144 τοξεύοντες
1247 1064 1323 1144 ύπέρ

170 1169 208 1232 τὰ
223 1169 308 1252 τείχη
324 1170 470 1247 βιβλίδια
485 1168 686 1248 προσκείμενα
702 1173 765 1233 τοῖς
785 1169 900 1234 ὀϊστοῖς
920 1166 1109 1250 ἐξήγγελλον
1131 1173 1195 1234 τοῖς
1216 1173 1323 1245 Φαση-

170 1274 279 1337 λίταις.
325 1271 412 1338 τέλος
443 1275 475 1335 δὲ
505 1268 671 1350 διήλλαξεν
700 1271 815 1348 αύτούς,
845 1272 927 1339 ὅπως
957 1271 1029 1335 δέκα
1059 1271 1191 1336 τάλαντα
1221 1274 1323 1338 δύντες

172 1378 362 1440 ἀκολουθῶσι
386 1373 434 1438 καί
458 1374 703 1456 συστρατεύωσιν
723 1377 774 1437 ἐπὶ
794 1374 863 1441 τοὺς
882 1374 1068 1457 βαρβάρους.
1108 1373 1245 1457 Ἔφορος
1268 1378 1324 1454 μὲν

172 1478 225 1544 οῦν
250 1480 440 1558 Τιθραύστην
465 1481 545 1559 φησὶ
571 1484 631 1543 τῶν
656 1484 831 1559 βασιλικῶν
857 1485 934 1543 νεῶν
955 1480 1061 1563 άρχειν
1084 1478 1133 1543 καὶ
1155 1485 1209 1542 τοῦ
1231 1480 1324 1556 πεζοῦ

171 1582 370 1665 Φερενδάτην,
392 1581 606 1659 Καλλισθένης
627 1582 652 1645 δ’
676 1579 876 1663 Ἀριομάνδην
898 1588 951 1648 τὸν
973 1587 998 1645 Γ
997 1584 1118 1663 ωβρύου
1140 1584 1324 1664 κνριῶτατον

172 1687 245 1750 ὄντα
259 1690 312 1766 τῆς
328 1685 480 1766 δυνάμεως
496 1684 576 1766 παρὰ
591 1686 644 1750 τὸν
661 1685 867 1766 Εὐρυμέδοντα
883 1691 950 1754 ταῖς
971 1689 1060 1751 ναυσὶ
1082 1691 1255 1768 παρορμεῖν,
1269 1687 1322 1750 οῦκ

171 1791 244 1854 ὄντα
258 1791 413 1874 μάχεσθαι
427 1795 490 1857 τοῖς
502 1789 640 1868 Ἕλλησι
661 1791 822 1869 πρόθυμον,
838 1792 921 1853 ἀλλά
943 1794 1190 1875 προσδεχόμενον
1213 1788 1322 1872 ἀγδοή·

173 1919 262 1957 κοντα
285 1900 356 1959 ναῦς
377 1896 548 1960 Φοινίσσας
569 1894 628 1957 ἀπὸ
651 1894 773 1975 Κύπρου
795 1894 1038 1973 προσπλεούσας.
1081 1894 1190 1960 ταύτας
1207 1897 1324 1975 φθῆναι

171 1999 362 2078 βουλόμενος
378 2000 394 2061 ά
410 1999 513 2078 Κίμων
529 1996 654 2080 ἀνήχθη,
669 1996 832 2078 βιάζεσθαι
848 1997 1138 2080 παρεσκευασμένος,
1149 1997 1186 2062 ἀν
1202 1998 1323 2064 ἑκόντες

171 2101 212 2181 μη
242 2106 449 2185 ναυμαχῶσιν.
495 2103 525 2165 οἱ
555 2104 588 2165 δέ
620 2109 739 2184 πρῶτον
767 2102 835 2179 μέν,
860 2102 899 2168 ῶς
928 2103 969 2180 μὴ
1001 2106 1172 2181 βιασθεῖεν,
1199 2103 1243 2167 είς
1268 2107 1322 2181 τὸν

173 2207 308 2285 ποταμὸν
334 2207 565 2287 εἰσωρμίσαντο,
588 2206 846 2287 προσφερομένων
871 2208 904 2269 δέ
926 2212 986 2269 τῶν
1007 2203 1177 2285 Ἀθηναίων
1199 2204 1321 2285 ἀντεξέ-

172 2318 320 2390 πλευσαν,
336 2310 376 2378 ὣς
400 2313 515 2391 ἱστορεῖ
535 2311 720 2391 Φανόδημος,
742 2310 910 2391 ἑξακοσίαις
935 2312 1049 2385 ναυσίν,
1073 2310 1112 2376 ῶς
1133 2311 1160 2374 δ’
1178 2307 1323 2391 Ἔφορος,

172 2412 359 2492 πεντήκοντα
387 2416 436 2478 καὶ
462 2417 657 2492 τριακοσίαις.
703 2416 793 2497 ἔργον
817 2419 850 2480 δέ
875 2418 950 2478 κατὰ
979 2420 1053 2498 γοῦν
1081 2415 1137 2494 τὴν
1166 2414 1322 2479 θάλατταν

172 2519 257 2582 οὐδὲν
272 2516 322 2581 ὑπ’
336 2519 433 2583 αὐτῶν
448 2518 584 2602 ἐπράχθη
601 2521 654 2596 τῆς
669 2518 820 2599 δυνάμεως
836 2517 930 2598 ἀξιον,
946 2517 1017 2582 ἀλλ’
1034 2519 1119 2585 εύθῦς
1135 2521 1178 2585 είς
1193 2518 1250 2598 τὴν
1264 2523 1322 2601 γῆν

173 2622 417 2703 ἀποστρέφοντες
443 2621 604 2702 ἐξέπιπτον
629 2624 658 2685 οἱ
682 2630 795 2704 πρῶτοι
823 2619 870 2685 καὶ
894 2622 1079 2705 κατέφευγον
1105 2624 1147 2688 είς
1173 2629 1208 2685 τδ
1231 2623 1323 2699 πεζὸν

172 2726 261 2808 ἐγγὺς
284 2727 555 2809 παρατεταγμένον,
582 2729 610 2791 οἱ
632 2731 666 2791 δὲ
693 2729 995 2808 καταλαμβανόμενοι
1017 2728 1225 2809 διεφθείροντο
1246 2727 1323 2806 μετὰ

172 2837 232 2894 τῶν
256 2837 339 2894 νεῶν.
386 2829 409 2917 ᾧ
432 2830 481 2894 καὶ
505 2832 599 2910 δῆλόν
621 2833 717 2908 ἐστιν,
734 2832 780 2894 ὅτι
802 2831 983 2910 πάμπολλαί
1005 2856 1083 2897 τινες
1104 2833 1135 2894 αί
1162 2837 1323 2911 πεπληρω·

171 2933 256 3014 μέναι
280 2941 342 3001 τοῖς
364 2934 536 3016 βαρβάροις
558 2938 626 3013 νῆες
650 2934 738 3014 ἦσαν,
761 2937 811 2999 ὅτε
834 2941 960 2999 πολλῶν
980 2935 1044 3014 μέν,
1061 2936 1101 3003 ῶς
1123 2935 1214 3013 είκύς,
1230 2937 1323 3014 έκφυ-

172 3044 301 3119 γονσῶν,
331 3045 456 3103 πολλῶν
485 3042 518 3102 δὲ
549 3046 779 3119 συντριβεισῶν,
809 3041 889 3119 ὅμως
919 3040 1127 3122 αίχμαλιύτους
1164 3039 1323 3104 διακοσίας

172 3142 288 3222 ἔλαβον
312 3144 341 3204 οἱ
363 3140 529 3222 Ἀθηναῖοι.
575 3141 645 3229 (13)
668 3151 728 3209 τῶν
744 3148 775 3208 δὲ
791 3145 888 3221 πεζῶν
903 3142 1151 3224 ἐπικαταβάντων
1170 3148 1243 3223 πρὸς
1267 3141 1325 3220 τὴν

173 3247 336 3311 θάλασσαν
358 3248 436 3329 μέγα
459 3249 515 3328 μὲν
541 3248 630 3330 ἔργον
654 3249 795 3328 ἐφαίνετο
821 3249 863 3333 τῷ
891 3249 1006 3328 Κίμωνι
1027 3253 1062 3310 τὸ
1083 3245 1246 3328 βιάζεσθαι
1268 3247 1324 3325 τὴν

173 3350 330 3428 ἀπόβασιν
354 3349 401 3414 καὶ
426 3355 608 3430 κεκμηκότας
629 3352 741 3431 άκμήσι
766 3354 813 3415 καί
837 3353 1082 3416 πολλαπλασίοις
1108 3350 1231 3432 ἐπάγειν
1254 3350 1323 3416 τοὺς

168 3451 334 3532 Ἕλληνας,
351 3456 429 3533 ὅμως
445 3457 477 3520 δέ
491 3457 574 3542 ῥύμη
591 3459 639 3520 καὶ
655 3453 823 3537 φρονήματι
839 3460 891 3518 τοῦ
908 3459 1024 3537 κρατεῖν
1042 3456 1118 3537 ὁρῶν
1142 3455 1324 3536 ἐπηρμένους

173 3559 222 3620 καὶ
238 3559 405 3640 προθύμους
423 3559 515 3636 ὁμόσε
531 3565 642 3642 χωρεῖν
657 3565 720 3626 τοῖς
735 3559 915 3641 βαρβάροις,
925 3560 1096 3637 ἀπεβίβαζε
1114 3559 1180 3624 τοὺς
1195 3558 1324 3623 ἀπλίτας

173 3661 218 3725 ἔτι
239 3662 363 3743 θερμοὺς
387 3665 428 3746 τῷ
452 3661 527 3725 κατὰ
547 3664 602 3743 τὴν
621 3664 791 3746 ναυμαχίαν
808 3664 901 3744 ἀγῶνι
916 3660 991 3743 μετὰ
1007 3664 1136 3744 κραυγῆς
1151 3657 1200 3725 καί
1215 3662 1324 3741 δρόμου

173 3765 449 3846 προσφερομένους.
492 3767 690 3833 ὑποστάντων
714 3770 747 3831 δέ
769 3774 827 3830 τῶν
854 3771 983 3846 Περσῶν
1005 3762 1052 3829 καὶ
1079 3763 1247 3846 δεξαμένων
1269 3764 1321 3828 ούκ

173 3868 305 3950 ἀγεννῶς
326 3873 453 3950 κρατερὰ
471 3869 553 3953 μάχη
577 3870 719 3950 συνέστη·
743 3868 791 3935 καί
815 3877 874 3935 τῶν
898 3870 1065 3949 Ἀθηναίων
1088 3868 1192 3951 ἀνδρες
1215 3868 1323 3950 ἀγαθοὶ

174 3971 299 4038 καὶτοῖς
315 3971 466 4051 ἀξιώμασι
489 3979 603 4055 πρῦτσι
626 3977 675 4038 καὶ
698 3979 872 4057 διαπρεπεῖς
895 3975 1017 4038 ἔπεσον.
1062 3974 1170 4057 πολλῷ
1186 3971 1213 4036 δ’
1229 3973 1323 4054 ἀγῶνι

174 4073 358 4157 τρεψάμενοι
388 4077 457 4144 τοὺς
486 4077 664 4160 βαρβάρους
694 4081 836 4154 ἔκτεινον,
863 4079 927 4142 εἶτα
957 4076 1048 4163 ᾕρουν
1076 4076 1182 4142 αύτούς
1212 4102 1245 4140 τε
1276 4074 1325 4141 καί

175 4182 287 4255 σκηνάς
303 4187 505 4246 παντοδαπῶν
519 4184 680 4264 χρημάτων
695 4184 855 4264 γεμούσας.
902 4184 1006 4260 Κίμων
1021 4179 1048 4244 δ’
1065 4182 1169 4261 ὥσπερ
1191 4179 1325 4258 ἀθλητὴς

172 4284 270 4347 δεινδς
284 4281 379 4368 ἡμέρᾳ
393 4283 447 4368 μιᾷ
461 4285 514 4349 δύο
530 4287 703 4371 καθῃρηκὼς
719 4287 924 4367 ἀγωνίσματα,
946 4283 995 4348 καὶ
1010 4290 1044 4348 τδ
1058 4286 1114 4364 μέν
1130 4286 1162 4348 έν
1178 4286 1325 4363 Σαλαμῖνι

172 4382 348 4470 πεζομαχία,
379 4386 414 4451 τδ
445 4385 471 4451 δ’
494 4390 527 4454 ἐν
558 4393 728 4456 Πλαταιαῖς
751 4391 902 4474 ναυμαχία
932 4390 1147 4470 παρεληλυθὼς
1170 4387 1324 4468 τρόπαιον,

171 4487 385 4571 διηγυνίσατο
406 4495 471 4559 ταῖς
493 4492 599 4568 νίκαις,
617 4494 667 4557 καὶ
683 4497 737 4560 τὰς
752 4493 939 4575 ἀγδοήκοντα
954 4494 1124 4559 Φοινίσσας
1139 4489 1277 4574 τριήρεις,
1294 4488 1326 4554 αῖ
