3000 5046
221 343 282 423 246
633 340 966 401 αιοααΑΡΗιαΑι.
1254 351 1378 418 [om

267 560 318 626 23.
341 540 541 605 Ἐκπεσόντος
557 542 590 603 δέ
608 541 659 616 τῆς
678 539 798 604 πόλεως
818 537 909 602 αύτοῖι
929 539 978 602 καὶ
1000 538 1209 618 διατρίβοντος
1225 539 1259 602 έν
1269 534 1375 620 Ἀργει

222 644 261 710 τά
282 647 351 725 περὶ
374 646 553 708 Παυσανίαν
575 643 770 722 συμπεσόντα
790 640 853 705 κατ’
876 643 991 706 έκείνου
1009 640 1146 725 παρέσχε
1169 646 1232 707 τοῖς
1256 643 1376 725 ἐχθροῖς

223 748 370 831 ἀφορμάς.
427 751 444 812 6
472 750 506 812 δέ
538 745 734 831 γραψάμενος
766 746 856 809 αιἰτδν
894 746 1056 827 προδοσίας
1091 745 1262 826 Λεωβώτης
1292 743 1329 824 ῆν
1360 746 1377 809 6

222 851 430 934 Ἀλκμαίωνος
451 851 668 933 Ἀγραυλῆθεν,
695 849 757 930 δμα
782 848 1063 930 συνεπαιτιωμένων
1085 854 1146 913 τῶν
1168 852 1376 930 Σπαρτιατῶν.

224 959 241 1020 6
255 960 313 1039 γάρ
329 956 506 1022 Παυσανίας
521 954 660 1037 πράττων
675 956 775 1018 έκεῖνο
790 954 826 1033 δὴ
842 956 880 1017 τά
895 952 962 1034 περὶ
979 955 1033 1032 τὴν
1047 954 1215 1034 προδοσίαν
1233 953 1378 1034 πρότερον

223 1063 278 1140 μέν
300 1060 501 1141 ἀπεκρύπτετο
523 1065 577 1123 τδν
595 1060 816 1138 Θεμιστοκλέα,
840 1058 947 1138 καίπερ
970 1057 1042 1120 όντα
1066 1058 1167 1137 φίλον·
1199 1056 1239 1122 ὣς
1257 1055 1284 1120 δ’
1300 1056 1378 1121 εἶδεν

224 1165 437 1229 ἐκπεπτωκότα
453 1167 505 1242 τῆς
521 1163 677 1228 πολιτείας
695 1164 743 1226 καὶ
758 1160 890 1243 φέροντα
906 1167 1049 1245 χαλεπῶς
1070 1158 1240 1241 ἐθάρσησεν
1255 1161 1306 1225 έπδ
1322 1161 1377 1239 τὴν

225 1268 381 1332 κοινωνίαν
396 1274 456 1332 τῶν
471 1265 682 1348 πραττομένων
702 1261 952 1346 παρακαλεῖν,τά
970 1263 1129 1348 γράμματα
1148 1268 1201 1327 τοῦ
1221 1262 1378 1342 βασιλέως

225 1372 465 1450 έπιδεικνύμενος
484 1370 563 1455 αὐτῷ
582 1366 630 1433 καί
651 1368 827 1450 παροξύνων
847 1366 898 1433 έπῖ
916 1368 985 1435 τοὺς
997 1370 1153 1447 Ἕλληνας
1172 1369 1211 1435 ὡς
1228 1369 1377 1451 πονηροὺς

226 1471 274 1539 καὶ
297 1475 487 1556 ἀχαρίστους.
532 1475 549 1536 6
572 1476 605 1537 δὲ
626 1473 682 1552 τῆν
703 1476 759 1552 μέν
785 1472 890 1550 δέησιν
916 1473 1103 1555 ἀπετρίψατο
1127 1477 1179 1536 τοῦ
1199 1474 1378 1537 Παυσανίου

227 1580 275 1643 καὶ
292 1579 347 1656 τῆν
365 1579 524 1641 κοινωνίαν
544 1578 623 1643 όλως
642 1577 799 1656 ἀπείπατο,
821 1582 895 1656 πρὸς
916 1575 1020 1641 οὐδένα
1042 1579 1075 1640 δέ
1094 1577 1163 1644 τοὺς
1180 1575 1290 1658 λόγους
1309 1574 1379 1655 ἑξῆ-

227 1707 333 1761 νεγκεν
363 1681 431 1745 οὐδὲ
462 1679 648 1761 κατεμήνυσε
677 1681 733 1761 τῆν
762 1680 881 1761 πρᾶξιν,
909 1684 970 1745 εἴτε
999 1681 1172 1745 παύσεσθαι
1201 1686 1378 1761 προσδοκῶν

226 1786 325 1859 αὐτόν,
349 1783 402 1848 εἴτ’
425 1783 527 1850 άλλως
549 1786 706 1865 καταφανῆ
727 1784 914 1866 γενήσεσθαι
932 1784 990 1849 σὺν
1007 1782 1104 1849 οὐδενὶ
1124 1785 1263 1869 λογισμῷ
1280 1810 1377 1868 πραγ-

225 1887 328 1968 μάτων
343 1889 463 1952 ἀτόπων
482 1888 531 1951 καὶ
550 1888 737 1968 παραβόλων
757 1888 947 1971 ὀρεγόμενον.
989 1888 1065 1951 οὕτω
1081 1889 1117 1968 δὴ
1133 1893 1186 1952 τοῖν
1201 1890 1379 1961 Παυσανίου

227 1993 448 2058 θανατωθέντος
465 1993 627 2056 ἐπιστολαί
640 2017 720 2057 τινες
736 1993 943 2073 ἀνευρεθεῖσαι
956 1991 1005 2055 καὶ
1016 1992 1174 2074 γράμματα
1186 1989 1379 2073 περὶτούτων

228 2098 271 2162 είς
294 2098 430 2178 ἀποψίαν
453 2096 605 2175 ένέβαλον
627 2101 680 2160 τδν
704 2094 923 2175 Θεμιστοκλέα·
962 2093 1011 2160 καὶ
1035 2096 1190 2175 κατεβόων
1211 2098 1267 2177 μὲν
1289 2096 1380 2160 αὐτοῦ

228 2201 469 2280 Λακεδαιμόνιοι,
480 2200 664 2282 κατηγόρουν
675 2199 701 2263 δ’
711 2201 741 2263 οἱ
752 2203 934 2280 φθονοῦντες
946 2205 1007 2265 τῶν
1019 2206 1163 2279 πολιτῶν,
1175 2200 1210 2264 ού
1222 2203 1378 2282 παρόντος,

228 2303 312 2368 ἀλλά
330 2302 380 2367 διά
402 2300 584 2386 γραμμάτων
607 2301 854 2384 ἀπολογουμένου
871 2291 1091 2381 μάλισταταῖς
1112 2303 1269 2384 προτέραις
1290 2329 1378 2382 κατη-

227 2408 352 2490 γορίαις.
404 2405 648 2487 διαβαλλόμενος
674 2409 732 2489 γάρ
756 2407 813 2469 ύπδ
835 2413 896 2471 τῶν
918 2409 1036 2490 ἐχθρῶν
1059 2413 1133 2486 πρδς
1158 2408 1227 2473 τοὺς
1250 2411 1378 2474 πολίτας

228 2512 371 2592 ἔγραφεν,
393 2509 433 2576 ὡς
458 2511 562 2593 ἀρχειν
582 2511 640 2590 μὲν
661 2506 708 2573 ἀεὶ
733 2509 839 2588 ζητῶν,
863 2512 1012 2592 ἄρχεσθαι
1034 2512 1066 2575 δέ
1086 2511 1127 2589 μὴ
1146 2511 1287 2592 πεφυκὼς
1304 2517 1379 2590 μηδὲ

228 2614 425 2694 βουλόμενος,
444 2613 496 2677 οὐκ
515 2612 553 2678 ἀν
571 2639 645 2677 ποτε
665 2613 836 2695 βαρβάροις
855 2616 904 2678 καὶ
924 2616 1082 2694 πολεμίοις
1101 2617 1191 2678 αὑτὸν
1209 2616 1379 2678 ἀποδόσθαι

228 2721 302 2795 μετὰ
317 2721 371 2796 τῆς
385 2714 545 2784 Ἑλλάδος.
591 2718 626 2782 ού
641 2718 701 2799 μὴν
719 2719 803 2782 ἀλλά
820 2715 1017 2798 συμπεισθεὶς
1032 2720 1091 2782 ὑπὸ
1105 2725 1165 2783 τῶν
1181 2719 1379 2800 κατηγορούν-

229 2849 289 2887 των
315 2824 332 2885 ό
355 2826 445 2902 δῆμος
467 2822 605 2903 ἔπεμψεν
629 2824 746 2903 ἀνδρας,
771 2823 816 2889 οῖς
843 2823 941 2902 είρητο
968 2824 1201 2903 συλλαμβάνειν
1223 2820 1271 2887 καὶ
1294 2822 1380 2906 ἀγειν

229 2925 319 2990 αύτδν
335 2925 553 3008 κριθησόμενον
567 2925 602 2991 έν
616 2930 679 2992 τοῖς
690 2924 853 3003 Ἕλλησιν.

275 3046 325 3107 24.
349 3029 595 3111 Προαισθόμενος
626 3029 652 3093 δ’
678 3030 792 3095 έκεῖνος
817 3031 862 3095 εἰς
889 3031 1041 3111 Κέρκυραν
1071 3028 1255 3113 διεπέρασεν,
1287 3031 1381 3110 οὔσης

229 3132 307 3217 αύτῷ
319 3133 393 3215 πρὸς
410 3133 466 3212 τὴν
484 3134 577 3197 πάλιν
594 3133 777 3214 εὐεργεσίας.
821 3135 983 3216 γενόμενος
1001 3133 1059 3214 γὰρ
1077 3133 1174 3198 αὐτῶν
1189 3134 1288 3213 κριτὴς
1306 3135 1381 3215 πρὸς

231 3239 408 3318 Κορινθίους
435 3237 567 3318 ἐχόντων
596 3237 754 3320 διαφοράν,
780 3237 873 3302 έλνσε
901 3237 957 3316 τῆν
986 3236 1097 3321 έχθραν
1124 3240 1222 3301 εἴκοσι
1248 3237 1381 3303 τάλαντα

231 3341 331 3422 κρίνας
345 3339 412 3406 τοὺς
430 3343 604 3421 Κορινθίους
620 3346 807 3421 καταβαλεῖν
822 3337 870 3404 καί
887 3339 1022 3404 Λευκάδα
1039 3339 1121 3426 κοινῆ
1136 3339 1235 3420 νέμειν
1250 3341 1381 3422 ἀμφοτέ-

229 3469 290 3524 ροιν
310 3441 445 3509 άποικον.
489 3445 604 3508 ἐκεῖθεν
626 3441 652 3508 δ’
677 3447 719 3511 είς
740 3441 890 3527 Ἤπειρον
913 3444 1018 3527 ἔφυγε·
1049 3442 1098 3507 καὶ
1120 3446 1300 3525 διωκόμενος
1322 3444 1381 3509 ύπδ

230 3553 292 3612 τῶν
312 3544 481 3625 Ἀθηναίων
505 3548 555 3611 καὶ
579 3552 638 3611 τῶν
661 3550 903 3628 Λακεδαιμονίων
930 3548 1054 3629 ἔρριψεν
1080 3547 1170 3611 αὑτὸν
1194 3551 1237 3615 είς
1257 3549 1382 3614 ε’λπίδας

230 3651 369 3733 χαλεπὰς
392 3647 440 3714 καῖ
464 3652 594 3732 ἀπόρους
617 3653 798 3734 καταφυγὼν
820 3658 895 3732 πρὸς
910 3651 1071 3731 Ἀδμητον,
1096 3649 1128 3718 δς
1153 3653 1305 3732 βασιλεὺς
1326 3656 1383 3730 μὲν

231 3754 268 3835 ἦν
285 3760 462 3827 Μολοττῶν,
479 3754 594 3833 δεηθεὶς
617 3755 652 3819 δέ
672 3782 701 3820 τι
723 3760 784 3820 τῶν
798 3755 968 3834 Ἀθηναίων
984 3753 1032 3820 καὶ
1050 3758 1308 3836 προπηλακισθεὶς
1323 3758 1382 3821 ὑπὸ

231 3863 284 3922 τοῦ
300 3858 554 3940 Θεμιστοκλέους,
570 3858 613 3921 ἀπ’
625 3857 754 3938 ἤκμαζεν
770 3861 803 3924 έν
816 3858 853 3947 τῆ
868 3860 1015 3936 πολιτεία,
1032 3857 1070 3924 δι’
1087 3860 1176 3943 ἀργῆς
1195 3860 1278 3943 εἶχεν
1293 3861 1383 3924 αιἰτδν

231 3959 279 4025 ἀεί
306 3960 354 4026 καὶ
380 3965 474 4038 δῆλος
496 3960 542 4041 ῆν,
565 3963 593 4026 εί
615 3961 719 4044 λάβοι,
745 3965 996 4046 τιμωρησάμενος.
1047 3965 1081 4028 έν
1103 3966 1135 4028 δὲ
1158 3960 1193 4049 τῇ
1214 3965 1284 4027 τότε
1305 3967 1382 4051 τύχη

230 4069 352 4144 μᾶλλον
378 4067 395 4128 δ
420 4067 632 4144 Θεμιστοκλῆς
654 4063 804 4147 φοβηθεὶς
830 4070 963 4149 συγγενῆ
989 4068 1036 4130 καὶ
1060 4067 1241 4149 πρόσφατον
1267 4069 1383 4148 φθόνον

232 4168 324 4250 ἀργῆς
339 4171 472 4234 παλαιῶς
490 4165 537 4232 καῖ
555 4174 730 4249 βασιλικῆς,
747 4170 837 4248 ταύτη
861 4171 963 4250 φέρων
984 4169 1133 4250 ὑπέθηκεν
1152 4171 1266 4246 ἑαυτόν,
1284 4170 1384 4251 ἱκέτης

232 4276 285 4336 τοῖν
300 4269 447 4350 Ἀδμήτου
462 4271 611 4340 καταστὰς
627 4274 704 4338 ἴδιόν
719 4299 787 4338 τινα
802 4275 851 4339 καὶ
865 4273 1119 4357 παρηλλαγμένον
1132 4275 1254 4355 τρόπον.
1303 4275 1384 4356 έχων

232 4374 291 4458 γάρ
312 4375 401 4438 αὐτοῦ
419 4380 471 4439 τδν
487 4377 553 4441 υίδν
575 4379 647 4443 ὄντα
669 4383 763 4443 παῖδα
783 4378 857 4460 πρὸς
875 4378 931 4458 τὴν
950 4379 1055 4444 έστίαν
1074 4378 1257 4460 προσέπεσε,
1272 4379 1384 4457 ταύτην

232 4477 380 4560 μεγίστην
410 4476 458 4545 καὶ
486 4480 583 4562 μόνην
610 4487 722 4566 σχεδόν
748 4483 959 4564 ἀναντίρρητον
982 4480 1157 4565 ἡγουμένων
1183 4482 1300 4547 ἱκεσίαν
1323 4487 1384 4547 τῶν
