3000 5046
131 377 244 443 ειν-294
396 367 488 427 HER
513 367 670 427 ALLIES
694 367 787 425 AND
815 366 1031 426 COLONIES.
1243 361 1284 439 89

132 564 317 644 πρεπόντως,
340 560 409 628 ἀλλ’
430 563 558 645 ἠγνόουν
585 565 661 627 ὅπου
689 568 792 640 κεῖται,
816 563 950 645 Σκυρίων
970 564 1026 646 οὐχ
1052 563 1282 645 ὁμολογούντων

133 667 194 733 οὐδ’
209 668 327 734 ἐόντων
350 668 516 746 ἀναζητεῖν.
561 668 630 732 τότε
653 667 689 746 δη
712 667 815 755 πολλῇ
836 668 997 751 φιλοτιμίᾳ
1017 671 1069 730 τοῦ
1084 672 1180 745 σηκοῦ
1194 667 1283 748 μόγις

132 770 348 853 ἐξευρεθέντος,
364 771 521 853 ἐνθέμενος
538 773 553 833 θ
570 774 675 851 Κίμων
696 773 738 837 είς
759 771 814 850 τήν
837 773 927 835 αὑτοῦ
949 769 1050 852 τριήρη
1073 774 1111 834 τὰ
1133 770 1211 832 ὀστῖι
1233 771 1282 834 καὶ

131 876 233 939 τᾶλλα
255 874 411 955 κοσμήσας
439 880 678 959 μεγαλοπρεπῶς
700 872 869 955 κατήγαγεν
891 876 935 941 είς
955 874 1011 953 τήν
1033 873 1123 937 αὐτοῦ
1146 873 1183 937 δι’
1206 875 1282 936 ἐτῶν

133 984 245 1063 σχεδὸν
259 980 471 1061 τετρακοσίων.
517 978 567 1060 ἐφ’
583 976 605 1063 φ
623 980 671 1043 καὶ
686 977 822 1056 μάλιστα
843 979 918 1059 πρὸς
937 979 1027 1042 αάτὸν
1042 976 1136 1057 ἡδέως
1158 979 1174 1040 δ
1189 981 1281 1057 δῆμος

132 1083 236 1166 έσχεν.
281 1084 385 1148 ἔθεντο
407 1080 433 1147 δ’
456 1085 500 1150 εἰς
521 1082 641 1163 μνήμην
664 1083 752 1147 αύτοῦ
775 1084 824 1146 καὶ
844 1083 975 1160 τὴντῶν
998 1087 1158 1167 τραγῳδῶν
1180 1083 1281 1161 κρίσιν

131 1185 305 1265 ὀνομαστὴν
333 1184 508 1269 γενομένην.
552 1187 674 1268 πρότην
695 1189 753 1269 γὰρ
778 1188 978 1251 διδασκαλίαν
1003 1191 1057 1250 τοῦ
1087 1185 1280 1266 Σοφοκλέους

131 1291 177 1355 έτι
188 1278 264 1356 ινέον
280 1289 431 1369 καθέντος,
447 1290 609 1373 Ἀψεφίων
629 1293 644 1351 ὁ
661 1290 774 1374 ἀρχων,
790 1292 980 1372 φιλονεικίας
1000 1290 1093 1368 οῦσης
1113 1291 1162 1354 καὶ
1186 1314 1281 1369 παρα·

131 1393 245 1485 τάξεως
271 1399 331 1460 τῶν
356 1398 481 1474 θεατῶν,
508 1397 609 1474 κριτὰς
631 1396 687 1475 μέν
710 1395 763 1459 οῦκ
789 1392 944 1475 ἐκλήρωσε
964 1400 1016 1459 τοῦ
1038 1395 1163 1476 ἀγῶνος,
1186 1392 1225 1459 ὡς
1248 1396 1280 1457 δέ

132 1498 235 1578 Κίμων
249 1501 325 1578 μετδ
340 1503 399 1564 τῶν
410 1497 627 1581 συστρατήγων
642 1500 798 1582 προελθὸν
814 1500 856 1565 είς
871 1499 904 1563 τὸ
921 1498 1045 1580 θέατρον
1057 1494 1222 1576 ἐποιήσατο
1237 1498 1278 1582 τῷ

132 1604 191 1690 θεῶ
210 1605 264 1668 τὰς
287 1601 504 1684 νενομισμένας
528 1602 671 1679 σπονδός,
687 1603 740 1667 οῦκ
763 1605 881 1684 ἀφῆκεν
903 1602 1008 1669 αι’ττοῦς
1030 1604 1186 1680 ἀπελθεῖν,
1208 1600 1279 1664 ἀλλ’

132 1705 268 1785 δρκόσας
289 1705 442 1788 ἠνάγκασε
465 1707 587 1771 καθίσαι
611 1707 660 1771 καὶ
683 1711 781 1790 κρῖναι
804 1705 877 1772 δέκα
898 1707 998 1783 ὄντας,
1014 1706 1074 1770 ἀπὸ
1094 1709 1193 1786 φυλῆς
1211 1709 1281 1785 μιᾶς

131 1809 269 1873 ἕκαστον.
314 1811 400 1888 δμέν
417 1809 470 1875 οῦν
486 1810 568 1893 ἀγὼν
584 1812 633 1874 καὶ
649 1814 698 1874 διὰ
713 1812 748 1875 τὸ
763 1816 823 1875 τῶν
845 1817 951 1891 κριτῶν
971 1808 1088 1891 ἀξίωμα
1110 1809 1165 1889 τὴν
1188 1816 1279 1890 φιλο-

131 1915 232 1992 τιμίαν
259 1914 441 1995 ῦπερέβαλε.
499 1913 678 1993 νικήσαντος
709 1916 741 1979 δέ
771 1920 824 1979 τοῦ
854 1915 1048 1995 Σοφοκλέους
1074 1913 1196 1995 λέγεται
1227 1913 1280 1976 τὸν

132 2019 291 2101 Αἰσχύλον
313 2020 465 2101 περιπαθῆ
495 2019 659 2101 γενόμενον
687 2020 735 2083 καὶ
764 2019 886 2100 βαρέως
916 2018 1076 2101 ἐνεγκόντα
1104 2018 1215 2100 χρόνον
1245 2016 1279 2080 οὗ

131 2123 229 2188 πολὺν
243 2121 390 2202 Ἀθήνησι
406 2127 570 2205 διαγαγεῖν,
586 2121 639 2188 εἶτ’
654 2125 794 2208 οἴχεσθαι
811 2121 849 2188 δι’
866 2122 959 2206 ὀργήν
974 2124 1018 2189 εῖς
1033 2123 1186 2199 Σικελίαν,
1202 2121 1279 2184 ὅπου

132 2223 181 2288 καὶ
196 2226 380 2306 τελευτήσας
394 2229 463 2309 περὶ
479 2230 579 2292 Γέλαν
592 2228 747 2291 τέθαπται.

175 2374 228 2429 27.
251 2363 338 2431 Plut.
361 2362 449 2429 Τίισιι.
475 2365 537 2449 36:
570 2363 657 2428 Μετὰ
684 2366 716 2429 δέ
741 2363 778 2428 τὰ
807 2367 928 2443 Μηδικὰ
954 2366 1108 2430 Φαίδωνος
1130 2361 1277 2446 ἄρχοντος

128 2467 358 2549 μαντευομένοις
373 2473 435 2536 τοῖς
443 2467 616 2548 Ἀθηναίοις
628 2469 749 2532 ἀνεῖλεν
764 2467 782 2547 ἡ
799 2470 899 2533 Πυθία
915 2467 952 2531 τὰ
968 2467 1094 2545 Θησέως
1109 2467 1278 2546 ἀναλαβεῖν

134 2576 211 2639 ἀστῦ
245 2576 294 2640 καὶ
317 2574 466 2655 ’θεμένους
498 2574 623 2654 ἐντίμως
650 2572 719 2656 παρ’
749 2576 851 2640 αύτοῖς
881 2571 1055 2655 φυλάττειν.
1101 2571 1138 2652 ήν
1166 2573 1198 2636 δέ
1230 2573 1279 2635 καὶ

128 2684 240 2759 λαβεῖν
263 2679 373 2760 ἀπορία
397 2676 446 2744 καῖ
471 2683 584 2761 γνῶναι
608 2677 661 2742 τὸν
687 2678 786 2759 τόφον
809 2675 913 2762 ἀμιξίᾳ
936 2677 985 2741 καῖ
1006 2675 1193 2761 χαλεπότητι
1217 2683 1277 2740 τῶν

130 2782 324 2847 ἐνοικούντων
347 2783 508 2846 Δολόπων.
553 2781 589 2845 οῦ
602 2782 661 2861 μήν
677 2781 761 2846 ἀλλὰ
777 2783 882 2862 Κίμων
903 2778 982 2846 ἐλὼν
998 2784 1052 2859 τήν
1067 2783 1171 2859 νῆσον,
1189 2780 1227 2846 ὡς
1244 2782 1277 2843 ἐν

128 2891 192 2951 τοῖς
214 2884 282 2967 περὶ
304 2887 420 2951 ἐκείνου
441 2885 615 2969 γέγραπται,
638 2887 686 2950 καὶ
711 2885 963 2967 φιλοτιμούμενος
987 2883 1166 2966 ἐξανευρεῖν,
1189 2885 1277 2948 ἀετοῦ

127 3014 196 3053 τινα
210 2988 304 3054 τόπον
319 2993 480 3069 βουνοειδῆ
502 2990 672 3067 κόπτοντος,
688 2991 728 3055 ῶς
749 2991 897 3075 φασι,τῷ
918 2991 1046 3070 στόματι
1067 2989 1116 3054 καὶ
1136 2986 1241 3052 διαστέ
1263 3021 1276 3034 -

126 3098 236 3160 λοντος
257 3098 321 3160 τοῖς
342 3091 424 3172 ὄνυξι
442 3094 578 3178 θείητινὶ
598 3094 674 3180 τύχη
698 3093 916 3175 συμφρονήσας
939 3095 1126 3175 ἀνέσκαψεν.
1172 3090 1276 3172 εῦρέθη

126 3200 159 3262 δέ
175 3197 251 3276 θήκη
266 3222 299 3262 τε
313 3197 448 3280 μεγόλου
463 3197 602 3276 σώματος
618 3194 711 3281 αίχμή
727 3221 760 3261 τε
775 3199 976 3279 παρακειμένη
991 3201 1093 3281 χολκῆ
1110 3197 1159 3259 καὶ
1175 3194 1275 3275 ξίφος.

126 3302 330 3381 κομισθέντων
348 3305 380 3365 δέ
403 3300 514 3364 τούτων
529 3301 587 3364 ῦπδ
608 3301 745 3380 Κίμωνος
768 3302 818 3365 ἐπὶ
840 3304 893 3380 τῆς
916 3300 1061 3382 τριήρους,
1076 3300 1222 3379 ήσθέντες
1246 3300 1275 3361 οῖ

125 3402 281 3484 Ἀθηναῖοι
302 3410 436 3488 πομπαῖς
458 3430 490 3469 τε
512 3409 664 3486 λαμπραῖς
687 3403 827 3484 ἐδέξαντο
851 3404 900 3470 καὶ
923 3407 1041 3471 θυσίαις
1062 3406 1165 3485 ὥσπερ
1187 3405 1276 3468 αὐτὸν

126 3509 370 3594 ἐπανερχόμενον
385 3512 427 3575 είς
450 3509 484 3573 τῦ
507 3508 592 3575 ἀστυ.
637 3509 686 3573 καὶ
702 3513 798 3573 κεῖται
820 3512 876 3590 μέν
897 3511 929 3574 ἐν
943 3510 1023 3597 μέσῃ
1038 3511 1073 3596 τῇ
1091 3509 1179 3572 πόλει
1195 3508 1275 3587 παρὰ

125 3613 160 3676 τὸ
176 3619 229 3679 νῦν
243 3612 421 3697 γυμνάσιον,
437 3615 504 3678 ἐστι
519 3616 552 3678 δέ
568 3611 699 3694 φύξιμον
713 3612 843 3681 οίκέταις
860 3612 908 3678 καὶ
925 3618 999 3679 πᾶσι
1020 3617 1083 3679 τοῖς
1104 3609 1274 3675 ταπεινοτέ-

124 3742 188 3797 ροις
211 3714 260 3781 καῖ
279 3718 391 3782 δεδιόσι
415 3719 594 3799 κρείττονας,
610 3716 650 3784 ὣς
672 3716 722 3782 καὶ
744 3722 797 3781 τοῦ
821 3717 950 3795 Θησέως
972 3719 1172 3797 προστατικοῦ
1194 3739 1275 3780 τινος

125 3823 175 3886 καὶ
189 3826 373 3901 βοηθητικοῦ
388 3821 552 3904 γενομένου
573 3817 622 3886 καῖ
643 3822 889 3904 προσδεχομένου
910 3821 1131 3902 φιλανθρώπως
1147 3818 1200 3886 τὰς
1215 3823 1275 3881 τῶν

124 3924 343 4005 ταπεινοτέρων
356 3923 485 4005 δεήσεις.

168 4071 224 4127 28.
258 4059 354 4127 Diod.
381 4062 427 4126 xi.
457 4064 507 4126 60.
536 4081 572 4127 ατ
612 4066 725 4143 Σκῦρον
751 4062 785 4127 δέ
810 4067 985 4144 Πελασγῶν
1009 4060 1203 4126 ἐνοικούντων
1226 4058 1274 4123 καὶ

126 4166 277 4230 Δολόπων
298 4164 542 4248 ἐξεπολιόρκησε,
569 4168 617 4229 καὶ
641 4170 765 4244 κτίστην
786 4164 949 4244 Ἀθηναῖον
972 4163 1163 4243 καταστήσας
1186 4190 1274 4229 κατε-

125 4270 317 4354 κληρούχησε
332 4271 388 4349 τήν
402 4271 513 4353 χώραν.

168 4409 222 4463 29.
246 4397 343 4463 Corn.
368 4397 453 4483 Nep.
480 4398 565 4464 eim.
592 4397 626 4463 ii.
652 4418 692 4476 4:
733 4397 809 4478 Qua
835 4396 977 4462 victoria
1000 4418 1122 4483 magna
1150 4396 1274 4482 praeda

123 4503 251 4588 potitus
267 4523 342 4567 eum
362 4503 497 4569 domum
517 4507 745 4582 reverteretur,
761 4502 850 4588 quod
866 4501 934 4566 iam
948 4501 1128 4567 nonnullae
1144 4499 1272 4565 insulae
