3000 5046
143 355 256 421 oses]
397 347 566 408 spansa
592 348 687 409 Ανο
710 349 1056 410 Ραιονοιιυεςος.
1237 367 1298 429 303

144 543 193 607 καί
223 544 253 607 οί
281 547 415 613 Είλωτες
440 547 622 626 ίπίστησαν,
649 546 705 614 ἕως
731 547 834 628 Κίμων
858 548 958 612 ἐλθὸν
987 548 1038 611 διὰ
1066 546 1121 628 τὴν
1147 548 1297 630 ἱκετηρίαν

143 644 263 712 ἔσωσεν
277 647 390 716 αιἰτοθς.

121 770 123 774 ⁴
187 775 239 833 ⁷2.
261 766 357 833 Paus.
373 767 396 832 i.
413 787 464 854 29.
480 767 521 834 8:
543 770 790 850 Λακεδαιμονίοις
804 770 861 850 τὴν
875 770 968 837 πόλιν
981 774 1035 836 τοῦ
1050 774 1120 836 θεοῦ
1136 771 1296 839 σείσαντος

143 870 172 933 οί
191 872 326 939 Εἵλωτες
340 873 371 940 Is
384 870 513 954 Ἰθιίμην
527 871 712 953 ἀπέστησαν·
739 874 957 957 ἀφεστηκότων
971 875 1004 939 δὲ
1019 875 1049 938 οί
1064 877 1295 955 Λακεδαιμόνιοι

142 974 275 1053 βοηθοὺς
290 973 339 1041 καί
352 977 466 1044 ίίλλους
482 975 531 1042 καὶ
546 979 628 1061 παρὰ
642 975 812 1058 Ἀθηναίων
825 976 1063 1060 μετεπέμποντο·
1090 980 1119 1043 οί
1135 978 1169 1044 δέ
1183 986 1296 1062 σφισιν

143 1076 317 1147 ίπιλέκτους
334 1081 442 1164 ἄνδρας
461 1081 690 1146 ἀποστέλλουσι
705 1079 754 1146 καὶ
771 1086 939 1165 στρατηγὸν
954 1081 1080 1162 Κίμωνα
1094 1081 1148 1147 τὸν
1162 1081 1294 1147 Μιλτιθ·

143 1185 205 1246 δον·
238 1185 361 1253 τούτους
391 1186 622 1266 ἀποπέμπουσιν
645 1187 674 1250 οί
701 1185 932 1266 λακεδαιμόνιοι
961 1190 1034 1267 πρὸς
1057 1184 1201 1268 ὑποψίαν.
1246 1182 1294 1273 (9)

143 1283 314 1366 Ἀθηναίοις
334 1293 367 1354 δὲ
387 1288 440 1354 οὐκ
463 1288 572 1353 ἀνεκτὰ
595 1291 738 1370 ἐφαίνετο
759 1289 986 1372 περιυβρίσθαι,
1001 1290 1051 1353 καὶ
1066 1287 1106 1356 ὣς
1122 1289 1295 1370 ἐκομίζοντο

143 1388 252 1469 όπίσω,
274 1392 449 1475 συμμαχίαν
470 1390 653 1472 ἐποιήσαντο
670 1391 819 1476 Ἀργείοις
834 1393 1078 1471 Λακεδαιμονίων
1099 1393 1221 1476 ίχθροῖς
1242 1393 1296 1460 τὸν

143 1490 262 1559 ἅπαντα
276 1494 344 1558 οὖσι
358 1495 480 1580 χρόνον.

186 1623 238 1681 73.
259 1613 383 1681 Justin
397 1615 444 1680 iii.
461 1616 498 1680 6:
520 1614 698 1682 Interieete
712 1619 859 1702 tempore
873 1615 1010 1682 tertium
1025 1636 1155 1702 quoque
1169 1615 1295 1682 bellum

142 1715 297 1784 Messenii
323 1740 528 1806 reparavere,
557 1720 594 1785 in
619 1720 714 1787 euius
737 1719 904 1786 auxilium
929 1718 1181 1786 Leeedeemonii
1206 1719 1296 1786 inter

142 1821 285 1908 reliquos
307 1823 413 1889 socios
434 1823 535 1889 etism
553 1823 775 1890 Athenienses
796 1823 997 1902 adhibuere5
1031 1844 1172 1910 quornm
1193 1823 1294 1889 fidem

143 1945 218 1990 eum
240 1933 430 2012 suspectam
451 1927 621 2006 haberent,
643 1948 904 2013 supervacaneos
930 1926 1136 2007 simulantes,
1157 1948 1180 1993 α
1205 1926 1293 1993 bello

142 2028 274 2095 eosdem
288 2029 499 2096 dimiserunt.

186 2159 239 2217 74.
260 2149 360 2216 Thus
376 2150 422 2215 iii
434 2166 487 2233 54.
499 2166 530 2236 5.
572 2150 623 2217 Of.
636 2152 720 2219 Xen.
734 2151 865 2219 Ηοίίου.
875 2152 921 2220 vi.
932 2166 964 2237 5.
977 2170 1040 2238 333
1064 2147 1179 2240 [Xen]
1196 2150 1293 2238 Εοορ.

143 2251 221 2318 Ate.
235 2252 284 2319 iii.
303 2273 340 2318 11
361 2252 481 2342 (sbove
496 2264 526 2321 Ι.
542 2255 629 2343 145).

531 2442 687 2511 Ke'sneon's
707 2441 902 2511 Εαίοοπίουι.

186 2570 247 2637 See
260 2571 367 2639 above
380 2582 423 2639 V.
440 2585 484 2640 82
499 2583 523 2638 r.

479 2760 701 2830 Pettkletdae'
722 2782 785 2829 een
807 2761 998 2830 Αθιευαιλνο.

184 2899 237 2957 75.
262 2888 363 2955 Thue.
377 2889 425 2959 iv.
444 2911 516 2978 119.
533 2911 562 2960 2.

472 3095 537 3164 ste
558 3097 669 3165 Battle
690 3102 727 3164 at
748 3095 965 3184 θίωιρίιίονοο.

184 3234 237 3292 76.
260 3225 343 3291 Hdt.
360 3225 406 3290 ix.
424 3227 477 3307 64.

614 3421 819 3488 Pieamwnos.

184 3559 235 3617 77.
257 3548 353 3615 Psus.
368 3548 418 3615 i1i.
433 3569 483 3615 11.
500 3549 538 3615 8:
567 3551 720 3633 Τίταρτον
743 3553 777 3616 δὲ
798 3547 995 3637 (Τισαμενὸς)
1021 3549 1193 3633 ἠγωνίσατο
1218 3556 1292 3632 πρὸς

139 3654 208 3721 τοὺς
224 3649 278 3742 [ἐξ
289 3651 428 3744 Ἰσθμοῦ]
446 3657 477 3723 ίς
491 3654 619 3736 Ἰθείμην
633 3652 825 3721 ἀποστάντας
839 3660 901 3719 τῶν
916 3654 1072 3719 Εἱλώτων.
1113 3655 1291 3734 θπίστησαν

115 3837 117 3840 ¹
139 3762 171 3824 δὲ
186 3758 243 3845 οὔχ
257 3758 388 3827 όπαντες
404 3762 434 3824 οί
448 3760 593 3837 Είλωτες,
611 3757 693 3824 ἀλλὰ
711 3764 746 3824 τὸ
761 3761 980 3837 Μεσσηνιακὸν
997 3757 1057 3822 θπὸ
1078 3761 1138 3823 τῶν
1157 3758 1292 3841 θρχαίων

140 3863 285 3927 Είλείτων
299 3863 550 3949 ἀποσχισθέντες·
586 3864 639 3928 καί
652 3888 705 3944 μοι
726 3859 775 3928 καί
794 3861 866 3928 τόδε
880 3861 897 3926 θ
913 3861 1006 3945 λόγος
1024 3859 1128 3926 αιἰτίκα
1145 3859 1292 3942 ίπίξεισι·

138 3966 207 4031 τότε
230 3970 263 4034 δὲ
288 3968 317 4031 οί
339 3967 571 4049 Λακεδαιμόνιοι
596 3967 665 4034 τοὺς
691 3964 885 4033 όποστόντας
911 3965 1058 4032 όπελθεῖν
1082 3966 1292 4033 ὑποσπόνδους

139 4069 246 4135 είασαν
259 4073 420 4156 Τισαμενῷ
437 4072 485 4135 καὶ
500 4071 543 4156 τῷ
557 4072 591 4135 ἑν
606 4074 743 4150 Δελφοῖς
757 4068 932 4156 χρηστηρίῳ
948 4069 1130 4149 πειθόμεναι.

341 4255 449 4323 Αίίίοο
470 4258 544 4325 and
566 4256 760 4344 Ορρσιιοοίο
780 4256 820 4342 of
836 4256 888 4324 tn
909 4256 1086 4343 Sparta-ns.

564 4392 628 4461 Τλο
651 4393 868 4481 Αίρίιιοίαιιο.

181 4491 234 4549 78.
257 4479 358 4545 Thue.
374 4479 410 4545 ii.
427 4496 478 4564 27.
497 4499 526 4548 2.
