<?xml version="1.0" encoding="UTF-8"?>
<!DOCTYPE html PUBLIC "-//W3C//DTD XHTML 1.0 Transitional//EN"
    "http://www.w3.org/TR/xhtml1/DTD/xhtml1-transitional.dtd">
<html xmlns="http://www.w3.org/1999/xhtml" xml:lang="en" lang="en">
 <head>
  <title>
</title>
<meta http-equiv="Content-Type" content="text/html;charset=utf-8" />
  <meta name='ocr-system' content='tesseract 3.04.00' />
  <meta name='ocr-capabilities' content='ocr_page ocr_carea ocr_par ocr_line ocrx_word'/>
</head>
<body>
  <div class='ocr_page' id='page_1' title='image "./sourcesforgreek00hillgoog/sourcesforgreek00hillgoog_0099.png"; bbox 0 0 3000 5046; ppageno 0'>
   <div class='ocr_carea' id='block_1_1' title="bbox 344 369 1284 451">
    <p class='ocr_par' dir='ltr' id='par_1_1' title="bbox 344 369 1284 451">
     <span class='ocr_line' id='line_1_1' title="bbox 344 369 1284 451; baseline 0.003 -23"><span class='ocrx_word' id='word_1_1' title='bbox 344 370 575 429; x_wconf 78' lang='lat' dir='ltr'><em>EXYERNAL</em></span> <span class='ocrx_word' id='word_1_2' title='bbox 600 371 797 430; x_wconf 83' lang='lat' dir='ltr'><em>HISTORY</em></span> <span class='ocrx_word' id='word_1_3' title='bbox 821 371 878 431; x_wconf 88' lang='lat' dir='ltr'>OF</span> <span class='ocrx_word' id='word_1_4' title='bbox 897 371 1083 432; x_wconf 78' lang='lat' dir='ltr'><em>ATHENS.</em></span> <span class='ocrx_word' id='word_1_5' title='bbox 1243 369 1284 451; x_wconf 85' lang='lat'>83</span> 
     </span>
    </p>
   </div>
   <div class='ocr_carea' id='block_1_2' title="bbox 133 583 1288 1912">
    <p class='ocr_par' dir='ltr' id='par_1_2' title="bbox 133 583 1288 1912">
     <span class='ocr_line' id='line_1_2' title="bbox 135 583 1282 668; baseline 0.003 -21"><span class='ocrx_word' id='word_1_6' title='bbox 135 585 244 662; x_wconf 88' lang='grc' dir='ltr'>ζονται.</span> <span class='ocrx_word' id='word_1_7' title='bbox 289 586 373 649; x_wconf 80' lang='grc' dir='ltr'>ἀλλά</span> <span class='ocrx_word' id='word_1_8' title='bbox 393 584 498 664; x_wconf 98' lang='grc' dir='ltr'>μηνύει</span> <span class='ocrx_word' id='word_1_9' title='bbox 514 583 613 650; x_wconf 90' lang='grc' dir='ltr'>πάντα</span> <span class='ocrx_word' id='word_1_10' title='bbox 628 583 821 667; x_wconf 79' lang='grc' dir='ltr'>Μεγάβυζος,</span> <span class='ocrx_word' id='word_1_11' title='bbox 837 587 887 651; x_wconf 83' lang='grc' dir='ltr'>καὶ</span> <span class='ocrx_word' id='word_1_12' title='bbox 911 587 1077 668; x_wconf 86' lang='grc' dir='ltr'>ἀναιρεῖται</span> <span class='ocrx_word' id='word_1_13' title='bbox 1093 585 1282 668; x_wconf 86' lang='grc' dir='ltr'>Ἀρτάπανος</span> 
     </span>
     <span class='ocr_line' id='line_1_3' title="bbox 134 685 1286 773; baseline 0.004 -23"><span class='ocrx_word' id='word_1_14' title='bbox 134 685 158 773; x_wconf 75' lang='grc' dir='ltr'><strong><em>ᾧ</em></strong></span> <span class='ocrx_word' id='word_1_15' title='bbox 176 689 277 772; x_wconf 82' lang='grc' dir='ltr'>τρόπῳ</span> <span class='ocrx_word' id='word_1_16' title='bbox 301 687 431 769; x_wconf 87' lang='grc' dir='ltr'>έμελλεν</span> <span class='ocrx_word' id='word_1_17' title='bbox 453 688 589 769; x_wconf 73' lang='grc' dir='ltr'>ἀναιρεῖν</span> <span class='ocrx_word' id='word_1_18' title='bbox 612 685 820 772; x_wconf 79' lang='grc' dir='ltr'>Ἀρτοξέρξην</span> <span class='ocrx_word' id='word_1_19' title='bbox 844 687 893 753; x_wconf 78' lang='grc' dir='ltr'>καὶ</span> <span class='ocrx_word' id='word_1_20' title='bbox 908 690 1025 771; x_wconf 86' lang='grc' dir='ltr'>γίνεται</span> <span class='ocrx_word' id='word_1_21' title='bbox 1040 689 1138 754; x_wconf 86' lang='grc' dir='ltr'>πάντα</span> <span class='ocrx_word' id='word_1_22' title='bbox 1152 692 1232 768; x_wconf 85' lang='grc' dir='ltr'>δῆλα</span> <span class='ocrx_word' id='word_1_23' title='bbox 1247 693 1286 755; x_wconf 86' lang='grc' dir='ltr'>τά</span> 
     </span>
     <span class='ocr_line' id='line_1_4' title="bbox 133 788 1285 879; baseline 0.001 -23"><span class='ocrx_word' id='word_1_24' title='bbox 133 792 317 873; x_wconf 68' lang='grc' dir='ltr'>εἰργασμένα</span> <span class='ocrx_word' id='word_1_25' title='bbox 348 788 398 856; x_wconf 83' lang='grc' dir='ltr'>έπὶ</span> <span class='ocrx_word' id='word_1_26' title='bbox 429 789 529 879; x_wconf 73' lang='grc' dir='ltr'>Ξέρξη</span> <span class='ocrx_word' id='word_1_27' title='bbox 562 789 609 856; x_wconf 80' lang='grc' dir='ltr'>καῖ</span> <span class='ocrx_word' id='word_1_28' title='bbox 641 794 804 877; x_wconf 80' lang='grc' dir='ltr'>Δαρειαίφ,</span> <span class='ocrx_word' id='word_1_29' title='bbox 830 789 879 856; x_wconf 80' lang='grc' dir='ltr'>καῖ</span> <span class='ocrx_word' id='word_1_30' title='bbox 909 792 1080 857; x_wconf 84' lang='grc' dir='ltr'>ἀπόλλυται</span> <span class='ocrx_word' id='word_1_31' title='bbox 1110 795 1205 879; x_wconf 75' lang='grc' dir='ltr'>πικρφ</span> <span class='ocrx_word' id='word_1_32' title='bbox 1237 791 1285 858; x_wconf 83' lang='grc' dir='ltr'>καὶ</span> 
     </span>
     <span class='ocr_line' id='line_1_5' title="bbox 135 892 1286 978; baseline 0.002 -20"><span class='ocrx_word' id='word_1_33' title='bbox 135 895 267 978; x_wconf 78' lang='grc' dir='ltr'>κακίστῳ</span> <span class='ocrx_word' id='word_1_34' title='bbox 283 893 401 977; x_wconf 76' lang='grc' dir='ltr'>θανάτῳ</span> <span class='ocrx_word' id='word_1_35' title='bbox 415 893 634 975; x_wconf 86' lang='grc' dir='ltr'>Ἀσπομίτρης,</span> <span class='ocrx_word' id='word_1_36' title='bbox 644 893 678 962; x_wconf 89' lang='grc' dir='ltr'>δς</span> <span class='ocrx_word' id='word_1_37' title='bbox 693 894 731 975; x_wconf 84' lang='grc' dir='ltr'>ήν</span> <span class='ocrx_word' id='word_1_38' title='bbox 747 900 887 961; x_wconf 81' lang='grc' dir='ltr'>κοινωνὸς</span> <span class='ocrx_word' id='word_1_39' title='bbox 903 892 952 959; x_wconf 78' lang='grc' dir='ltr'>ἐπὶ</span> <span class='ocrx_word' id='word_1_40' title='bbox 968 899 1031 963; x_wconf 90' lang='grc' dir='ltr'>τοῖς</span> <span class='ocrx_word' id='word_1_41' title='bbox 1046 896 1153 977; x_wconf 92' lang='grc' dir='ltr'>φόνοις</span> <span class='ocrx_word' id='word_1_42' title='bbox 1169 896 1286 978; x_wconf 84' lang='grc' dir='ltr'>Ξέρξου</span> 
     </span>
     <span class='ocr_line' id='line_1_6' title="bbox 136 994 1286 1081; baseline 0.002 -20"><span class='ocrx_word' id='word_1_43' title='bbox 136 994 185 1061; x_wconf 78' lang='grc' dir='ltr'>καῖ</span> <span class='ocrx_word' id='word_1_44' title='bbox 196 997 367 1080; x_wconf 82' lang='grc' dir='ltr'>Δαρειαίου·</span> <span class='ocrx_word' id='word_1_45' title='bbox 384 997 568 1078; x_wconf 88' lang='grc' dir='ltr'>σκαφεύεται</span> <span class='ocrx_word' id='word_1_46' title='bbox 581 996 649 1081; x_wconf 81' lang='grc' dir='ltr'>γάρ,</span> <span class='ocrx_word' id='word_1_47' title='bbox 659 999 708 1062; x_wconf 83' lang='grc' dir='ltr'>καὶ</span> <span class='ocrx_word' id='word_1_48' title='bbox 724 999 817 1064; x_wconf 73' lang='grc' dir='ltr'>οὕτως</span> <span class='ocrx_word' id='word_1_49' title='bbox 834 998 1008 1080; x_wconf 87' lang='grc' dir='ltr'>ἀναιρεῖται.</span> <span class='ocrx_word' id='word_1_50' title='bbox 1031 997 1113 1080; x_wconf 92' lang='grc' dir='ltr'>μάχη</span> <span class='ocrx_word' id='word_1_51' title='bbox 1128 1002 1161 1065; x_wconf 71' lang='grc' dir='ltr'>δὲ</span> <span class='ocrx_word' id='word_1_52' title='bbox 1170 1001 1286 1081; x_wconf 86' lang='grc' dir='ltr'>γίνεται</span> 
     </span>
     <span class='ocr_line' id='line_1_7' title="bbox 134 1098 1288 1182; baseline 0.003 -18"><span class='ocrx_word' id='word_1_53' title='bbox 134 1102 210 1176; x_wconf 77' lang='grc' dir='ltr'>μετὰ</span> <span class='ocrx_word' id='word_1_54' title='bbox 218 1099 272 1164; x_wconf 85' lang='grc' dir='ltr'>τὸν</span> <span class='ocrx_word' id='word_1_55' title='bbox 284 1098 413 1164; x_wconf 90' lang='grc' dir='ltr'>θάνατον</span> <span class='ocrx_word' id='word_1_56' title='bbox 423 1098 612 1182; x_wconf 85' lang='grc' dir='ltr'>Ἀρταπάνου</span> <span class='ocrx_word' id='word_1_57' title='bbox 623 1106 683 1166; x_wconf 81' lang='grc' dir='ltr'>τῶν</span> <span class='ocrx_word' id='word_1_58' title='bbox 697 1125 730 1165; x_wconf 91' lang='grc' dir='ltr'>τε</span> <span class='ocrx_word' id='word_1_59' title='bbox 744 1106 927 1179; x_wconf 81' lang='grc' dir='ltr'>σννωμοτιῖν</span> <span class='ocrx_word' id='word_1_60' title='bbox 941 1101 1030 1166; x_wconf 75' lang='grc' dir='ltr'>αὐτοῦ</span> <span class='ocrx_word' id='word_1_61' title='bbox 1045 1101 1093 1166; x_wconf 82' lang='grc' dir='ltr'>καὶ</span> <span class='ocrx_word' id='word_1_62' title='bbox 1109 1107 1167 1166; x_wconf 81' lang='grc' dir='ltr'>τῶν</span> <span class='ocrx_word' id='word_1_63' title='bbox 1181 1101 1288 1167; x_wconf 87' lang='grc' dir='ltr'>άλλων</span> 
     </span>
     <span class='ocr_line' id='line_1_8' title="bbox 136 1202 1287 1290; baseline 0.001 -24"><span class='ocrx_word' id='word_1_64' title='bbox 136 1206 277 1284; x_wconf 85' lang='grc' dir='ltr'>Περσῶν,</span> <span class='ocrx_word' id='word_1_65' title='bbox 301 1203 350 1266; x_wconf 87' lang='grc' dir='ltr'>καὶ</span> <span class='ocrx_word' id='word_1_66' title='bbox 372 1204 537 1268; x_wconf 79' lang='grc' dir='ltr'>πίπτουσιν</span> <span class='ocrx_word' id='word_1_67' title='bbox 559 1206 593 1269; x_wconf 84' lang='grc' dir='ltr'>έν</span> <span class='ocrx_word' id='word_1_68' title='bbox 613 1203 650 1289; x_wconf 77' lang='grc' dir='ltr'>τῇ</span> <span class='ocrx_word' id='word_1_69' title='bbox 671 1202 754 1290; x_wconf 84' lang='grc' dir='ltr'>μάχῃ</span> <span class='ocrx_word' id='word_1_70' title='bbox 777 1205 807 1266; x_wconf 83' lang='grc' dir='ltr'>οῖ</span> <span class='ocrx_word' id='word_1_71' title='bbox 829 1207 909 1285; x_wconf 83' lang='grc' dir='ltr'>τρεῖς</span> <span class='ocrx_word' id='word_1_72' title='bbox 930 1208 983 1266; x_wconf 81' lang='grc' dir='ltr'>τοῦ</span> <span class='ocrx_word' id='word_1_73' title='bbox 1005 1202 1194 1284; x_wconf 85' lang='grc' dir='ltr'>Ἀρτοπάνου</span> <span class='ocrx_word' id='word_1_74' title='bbox 1216 1205 1287 1269; x_wconf 81' lang='grc' dir='ltr'>υίοί·</span> 
     </span>
     <span class='ocr_line' id='line_1_9' title="bbox 135 1304 1288 1394; baseline 0.003 -25"><span class='ocrx_word' id='word_1_75' title='bbox 135 1306 362 1387; x_wconf 90' lang='grc' dir='ltr'>τρανματίζεται</span> <span class='ocrx_word' id='word_1_76' title='bbox 386 1309 419 1370; x_wconf 75' lang='grc' dir='ltr'>δὲ</span> <span class='ocrx_word' id='word_1_77' title='bbox 439 1307 489 1370; x_wconf 87' lang='grc' dir='ltr'>καὶ</span> <span class='ocrx_word' id='word_1_78' title='bbox 505 1304 689 1390; x_wconf 82' lang='grc' dir='ltr'>Μεγάβυζος</span> <span class='ocrx_word' id='word_1_79' title='bbox 705 1309 868 1391; x_wconf 82' lang='grc' dir='ltr'>ίσχυρῶς·.</span> <span class='ocrx_word' id='word_1_80' title='bbox 888 1354 896 1370; x_wconf 86' lang='grc'><strong>.</strong></span> <span class='ocrx_word' id='word_1_81' title='bbox 914 1356 921 1371; x_wconf 92' lang='grc'><strong>.</strong></span> <span class='ocrx_word' id='word_1_82' title='bbox 940 1304 988 1371; x_wconf 77' lang='grc' dir='ltr'>καὶ</span> <span class='ocrx_word' id='word_1_83' title='bbox 1002 1308 1092 1388; x_wconf 83' lang='grc' dir='ltr'>μόλις</span> <span class='ocrx_word' id='word_1_84' title='bbox 1107 1310 1207 1394; x_wconf 75' lang='grc' dir='ltr'>πολλῇ</span> <span class='ocrx_word' id='word_1_85' title='bbox 1225 1310 1288 1372; x_wconf 83' lang='grc' dir='ltr'>έπι-</span> 
     </span>
     <span class='ocr_line' id='line_1_10' title="bbox 135 1406 1286 1498; baseline 0.001 -24"><span class='ocrx_word' id='word_1_86' title='bbox 135 1410 244 1493; x_wconf 77' lang='grc' dir='ltr'>μελείη</span> <span class='ocrx_word' id='word_1_87' title='bbox 257 1409 456 1492; x_wconf 82' lang='grc' dir='ltr'>περισιύζεται</span> <span class='ocrx_word' id='word_1_88' title='bbox 471 1407 701 1475; x_wconf 79' lang='grc' dir='ltr'>Ἀπολλωνίδου</span> <span class='ocrx_word' id='word_1_89' title='bbox 717 1413 818 1492; x_wconf 77' lang='grc' dir='ltr'>ἰατροῦ</span> <span class='ocrx_word' id='word_1_90' title='bbox 829 1416 882 1474; x_wconf 86' lang='grc' dir='ltr'>τοῦ</span> <span class='ocrx_word' id='word_1_91' title='bbox 895 1412 991 1475; x_wconf 78' lang='grc' dir='ltr'>Κοίου.</span> <span class='ocrx_word' id='word_1_92' title='bbox 1036 1406 1105 1498; x_wconf 83' lang='lat'>(31)</span> <span class='ocrx_word' id='word_1_93' title='bbox 1121 1412 1286 1494; x_wconf 88' lang='grc' dir='ltr'>ἀφίσταται</span> 
     </span>
     <span class='ocr_line' id='line_1_11' title="bbox 135 1511 1288 1598; baseline 0.002 -21"><span class='ocrx_word' id='word_1_94' title='bbox 135 1511 335 1594; x_wconf 79' lang='grc' dir='ltr'>Ἀρτοξέρξου</span> <span class='ocrx_word' id='word_1_95' title='bbox 352 1513 471 1596; x_wconf 83' lang='grc' dir='ltr'>Βάκτρα</span> <span class='ocrx_word' id='word_1_96' title='bbox 493 1514 541 1578; x_wconf 79' lang='grc' dir='ltr'>καὶ</span> <span class='ocrx_word' id='word_1_97' title='bbox 561 1515 578 1576; x_wconf 87' lang='lat'>6</span> <span class='ocrx_word' id='word_1_98' title='bbox 599 1513 762 1598; x_wconf 87' lang='grc' dir='ltr'>σατράπης,</span> <span class='ocrx_word' id='word_1_99' title='bbox 779 1514 875 1581; x_wconf 91' lang='grc' dir='ltr'>άλλος</span> <span class='ocrx_word' id='word_1_100' title='bbox 889 1512 1085 1596; x_wconf 83' lang='grc' dir='ltr'>Ἀρτάπανος·</span> <span class='ocrx_word' id='word_1_101' title='bbox 1109 1516 1288 1598; x_wconf 80' lang='grc' dir='ltr'>καὶγίνεται</span> 
     </span>
     <span class='ocr_line' id='line_1_12' title="bbox 136 1614 1288 1703; baseline 0.002 -23"><span class='ocrx_word' id='word_1_102' title='bbox 136 1616 220 1703; x_wconf 86' lang='grc' dir='ltr'>μάχη</span> <span class='ocrx_word' id='word_1_103' title='bbox 246 1615 405 1696; x_wconf 83' lang='grc' dir='ltr'>ίσοπαλής·</span> <span class='ocrx_word' id='word_1_104' title='bbox 439 1614 486 1681; x_wconf 82' lang='grc' dir='ltr'>καὶ</span> <span class='ocrx_word' id='word_1_105' title='bbox 510 1618 627 1700; x_wconf 81' lang='grc' dir='ltr'>γίνεται</span> <span class='ocrx_word' id='word_1_106' title='bbox 650 1617 745 1683; x_wconf 92' lang='grc' dir='ltr'>πάλιν</span> <span class='ocrx_word' id='word_1_107' title='bbox 769 1619 802 1682; x_wconf 86' lang='grc' dir='ltr'>έκ</span> <span class='ocrx_word' id='word_1_108' title='bbox 826 1619 974 1702; x_wconf 83' lang='grc' dir='ltr'>δευτέρου,</span> <span class='ocrx_word' id='word_1_109' title='bbox 999 1620 1048 1684; x_wconf 83' lang='grc' dir='ltr'>καὶ</span> <span class='ocrx_word' id='word_1_110' title='bbox 1074 1617 1184 1697; x_wconf 86' lang='grc' dir='ltr'>ἀνέμου</span> <span class='ocrx_word' id='word_1_111' title='bbox 1214 1618 1288 1683; x_wconf 86' lang='grc' dir='ltr'>κατὰ</span> 
     </span>
     <span class='ocr_line' id='line_1_13' title="bbox 137 1719 1288 1807; baseline -0.001 -20"><span class='ocrx_word' id='word_1_112' title='bbox 137 1724 303 1804; x_wconf 91' lang='grc' dir='ltr'>πρόσωπον</span> <span class='ocrx_word' id='word_1_113' title='bbox 325 1721 479 1803; x_wconf 85' lang='grc' dir='ltr'>Βακτρίων</span> <span class='ocrx_word' id='word_1_114' title='bbox 501 1722 698 1801; x_wconf 87' lang='grc' dir='ltr'>πνεύσαντος,</span> <span class='ocrx_word' id='word_1_115' title='bbox 723 1725 792 1807; x_wconf 80' lang='grc' dir='ltr'>νικᾷ</span> <span class='ocrx_word' id='word_1_116' title='bbox 814 1719 1018 1805; x_wconf 79' lang='grc' dir='ltr'>Ἀρτοξέρξης,</span> <span class='ocrx_word' id='word_1_117' title='bbox 1041 1724 1091 1788; x_wconf 87' lang='grc' dir='ltr'>καὶ</span> <span class='ocrx_word' id='word_1_118' title='bbox 1113 1726 1288 1807; x_wconf 90' lang='grc' dir='ltr'>προσχωρεῖ</span> 
     </span>
     <span class='ocr_line' id='line_1_14' title="bbox 138 1826 468 1912; baseline 0 -20"><span class='ocrx_word' id='word_1_119' title='bbox 138 1827 216 1912; x_wconf 77' lang='grc' dir='ltr'>οθτφ</span> <span class='ocrx_word' id='word_1_120' title='bbox 230 1830 315 1890; x_wconf 85' lang='grc' dir='ltr'>πῖισα</span> <span class='ocrx_word' id='word_1_121' title='bbox 330 1826 468 1908; x_wconf 82' lang='grc' dir='ltr'>Βακτρία.</span> 
     </span>
    </p>
   </div>
   <div class='ocr_carea' id='block_1_3' title="bbox 180 1945 450 2029">
    <p class='ocr_par' dir='ltr' id='par_1_3' title="bbox 180 1945 450 2029">
     <span class='ocr_line' id='line_1_15' title="bbox 180 1945 450 2029; baseline -0.004 -17"><span class='ocrx_word' id='word_1_122' title='bbox 180 1959 214 2012; x_wconf 84' lang='grc'>4.</span> <span class='ocrx_word' id='word_1_123' title='bbox 239 1945 321 2011; x_wconf 74' lang='lat' dir='ltr'><strong>Hdt.</strong></span> <span class='ocrx_word' id='word_1_124' title='bbox 337 1945 359 2009; x_wconf 89' lang='lat' dir='ltr'>i.</span> <span class='ocrx_word' id='word_1_125' title='bbox 379 1946 450 2029; x_wconf 85' lang='lat'>183.</span> 
     </span>
    </p>
   </div>
   <div class='ocr_carea' id='block_1_4' title="bbox 140 2066 1290 2360">
    <p class='ocr_par' dir='ltr' id='par_1_4' title="bbox 140 2066 1290 2360">
     <span class='ocr_line' id='line_1_16' title="bbox 183 2066 1290 2153; baseline 0 -21"><span class='ocrx_word' id='word_1_126' title='bbox 183 2080 214 2132; x_wconf 83' lang='lat'>5.</span> <span class='ocrx_word' id='word_1_127' title='bbox 239 2067 311 2132; x_wconf 84' lang='lat' dir='ltr'><strong>Ael.</strong></span> <span class='ocrx_word' id='word_1_128' title='bbox 332 2068 369 2134; x_wconf 87' lang='lat' dir='ltr'>V.</span> <span class='ocrx_word' id='word_1_129' title='bbox 386 2069 430 2132; x_wconf 87' lang='lat' dir='ltr'>H.</span> <span class='ocrx_word' id='word_1_130' title='bbox 447 2066 518 2133; x_wconf 86' lang='lat' dir='ltr'><strong>xiii.</strong></span> <span class='ocrx_word' id='word_1_131' title='bbox 534 2087 574 2153; x_wconf 79' lang='lat'>3:</span> <span class='ocrx_word' id='word_1_132' title='bbox 599 2067 716 2150; x_wconf 83' lang='grc' dir='ltr'>Ξέρξης</span> <span class='ocrx_word' id='word_1_133' title='bbox 739 2070 755 2131; x_wconf 96' lang='lat'>6</span> <span class='ocrx_word' id='word_1_134' title='bbox 779 2070 907 2150; x_wconf 89' lang='grc' dir='ltr'>Δαρείου</span> <span class='ocrx_word' id='word_1_135' title='bbox 931 2075 1013 2148; x_wconf 88' lang='grc' dir='ltr'>παῖς,</span> <span class='ocrx_word' id='word_1_136' title='bbox 1037 2073 1091 2134; x_wconf 78' lang='grc' dir='ltr'>τοῖν</span> <span class='ocrx_word' id='word_1_137' title='bbox 1114 2068 1216 2150; x_wconf 93' lang='grc' dir='ltr'>Βήλου</span> <span class='ocrx_word' id='word_1_138' title='bbox 1239 2073 1290 2133; x_wconf 82' lang='grc' dir='ltr'>τοῦ</span> 
     </span>
     <span class='ocr_line' id='line_1_17' title="bbox 140 2171 1290 2256; baseline 0.003 -20"><span class='ocrx_word' id='word_1_139' title='bbox 140 2173 268 2256; x_wconf 86' lang='grc' dir='ltr'>ἀρχαίου</span> <span class='ocrx_word' id='word_1_140' title='bbox 283 2174 456 2255; x_wconf 74' lang='grc' dir='ltr'>διασκάψας</span> <span class='ocrx_word' id='word_1_141' title='bbox 471 2172 505 2236; x_wconf 88' lang='grc' dir='ltr'>τὸ</span> <span class='ocrx_word' id='word_1_142' title='bbox 520 2176 631 2253; x_wconf 78' lang='grc' dir='ltr'>μνῆμα,</span> <span class='ocrx_word' id='word_1_143' title='bbox 643 2171 756 2236; x_wconf 83' lang='grc' dir='ltr'>πύελον</span> <span class='ocrx_word' id='word_1_144' title='bbox 771 2174 894 2252; x_wconf 80' lang='grc' dir='ltr'>ὑελίνην</span> <span class='ocrx_word' id='word_1_145' title='bbox 910 2173 1002 2254; x_wconf 86' lang='grc' dir='ltr'>εύρεν,</span> <span class='ocrx_word' id='word_1_146' title='bbox 1016 2173 1088 2238; x_wconf 82' lang='grc' dir='ltr'>ἔνθα</span> <span class='ocrx_word' id='word_1_147' title='bbox 1102 2171 1139 2254; x_wconf 82' lang='grc' dir='ltr'>ήν</span> <span class='ocrx_word' id='word_1_148' title='bbox 1155 2175 1290 2254; x_wconf 84' lang='grc' dir='ltr'>κείμενος</span> 
     </span>
     <span class='ocr_line' id='line_1_18' title="bbox 141 2277 534 2360; baseline 0.008 -21"><span class='ocrx_word' id='word_1_149' title='bbox 141 2277 159 2339; x_wconf 92' lang='lat'>6</span> <span class='ocrx_word' id='word_1_150' title='bbox 174 2281 276 2357; x_wconf 85' lang='grc' dir='ltr'>νεκρὸς</span> <span class='ocrx_word' id='word_1_151' title='bbox 291 2277 325 2340; x_wconf 87' lang='grc' dir='ltr'>έν</span> <span class='ocrx_word' id='word_1_152' title='bbox 340 2277 432 2360; x_wconf 79' lang='grc' dir='ltr'>έλαίφ</span> <span class='ocrx_word' id='word_1_153' title='bbox 449 2282 534 2342; x_wconf 90' lang='grc' dir='ltr'>κ.τ.λ.</span> 
     </span>
    </p>
   </div>
   <div class='ocr_carea' id='block_1_5' title="bbox 185 2393 1290 2486">
    <p class='ocr_par' dir='ltr' id='par_1_5' title="bbox 185 2393 1290 2486">
     <span class='ocr_line' id='line_1_19' title="bbox 185 2393 1290 2486; baseline 0 -26"><span class='ocrx_word' id='word_1_154' title='bbox 185 2409 217 2460; x_wconf 86' lang='grc' dir='ltr'>θ.</span> <span class='ocrx_word' id='word_1_155' title='bbox 240 2395 373 2473; x_wconf 69' lang='lat' dir='ltr'>Arriam,</span> <span class='ocrx_word' id='word_1_156' title='bbox 396 2393 508 2460; x_wconf 72' lang='lat' dir='ltr'><strong><em>Amb.</em></strong></span> <span class='ocrx_word' id='word_1_157' title='bbox 537 2395 593 2460; x_wconf 86' lang='lat' dir='ltr'><strong>vii.</strong></span> <span class='ocrx_word' id='word_1_158' title='bbox 621 2411 671 2477; x_wconf 88' lang='lat'>17.</span> <span class='ocrx_word' id='word_1_159' title='bbox 695 2414 732 2461; x_wconf 81' lang='lat'>2:</span> <span class='ocrx_word' id='word_1_160' title='bbox 765 2400 882 2461; x_wconf 85' lang='grc' dir='ltr'>Τοῦτον</span> <span class='ocrx_word' id='word_1_161' title='bbox 906 2403 959 2462; x_wconf 88' lang='grc' dir='ltr'>τὸν</span> <span class='ocrx_word' id='word_1_162' title='bbox 984 2399 1060 2463; x_wconf 82' lang='grc' dir='ltr'>νεάν</span> <span class='ocrx_word' id='word_1_163' title='bbox 1083 2396 1140 2486; x_wconf 80' lang='lat' dir='ltr'>(so.</span> <span class='ocrx_word' id='word_1_164' title='bbox 1159 2403 1212 2462; x_wconf 88' lang='grc' dir='ltr'>τδυ</span> <span class='ocrx_word' id='word_1_165' title='bbox 1237 2403 1290 2460; x_wconf 82' lang='grc' dir='ltr'>τοῦ</span> 
     </span>
    </p>
   </div>
   <div class='ocr_carea' id='block_1_6' title="bbox 142 2498 1290 2682">
    <p class='ocr_par' dir='ltr' id='par_1_6' title="bbox 142 2498 1290 2682">
     <span class='ocr_line' id='line_1_20' title="bbox 142 2498 1290 2588; baseline 0.003 -24"><span class='ocrx_word' id='word_1_166' title='bbox 142 2498 264 2588; x_wconf 81' lang='grc' dir='ltr'>Βήλου),</span> <span class='ocrx_word' id='word_1_167' title='bbox 276 2502 380 2582; x_wconf 83' lang='grc' dir='ltr'>ὥσπερ</span> <span class='ocrx_word' id='word_1_168' title='bbox 392 2498 441 2564; x_wconf 79' lang='grc' dir='ltr'>καὶ</span> <span class='ocrx_word' id='word_1_169' title='bbox 455 2503 493 2564; x_wconf 80' lang='grc' dir='ltr'>τὰ</span> <span class='ocrx_word' id='word_1_170' title='bbox 507 2499 590 2564; x_wconf 90' lang='grc' dir='ltr'>ἀλλα</span> <span class='ocrx_word' id='word_1_171' title='bbox 606 2499 672 2581; x_wconf 82' lang='grc' dir='ltr'>ίερά</span> <span class='ocrx_word' id='word_1_172' title='bbox 683 2503 720 2563; x_wconf 79' lang='grc' dir='ltr'>τά</span> <span class='ocrx_word' id='word_1_173' title='bbox 732 2501 950 2582; x_wconf 86' lang='grc' dir='ltr'>Βαβυλωνίων,</span> <span class='ocrx_word' id='word_1_174' title='bbox 961 2499 1078 2584; x_wconf 77' lang='grc' dir='ltr'>Ξέρξης</span> <span class='ocrx_word' id='word_1_175' title='bbox 1090 2500 1290 2585; x_wconf 75' lang='grc' dir='ltr'>κατέσκαψεν,</span> 
     </span>
     <span class='ocr_line' id='line_1_21' title="bbox 142 2601 910 2682; baseline 0.007 -15"><span class='ocrx_word' id='word_1_176' title='bbox 142 2606 193 2669; x_wconf 85' lang='grc' dir='ltr'>ὅτε</span> <span class='ocrx_word' id='word_1_177' title='bbox 212 2607 244 2670; x_wconf 86' lang='grc' dir='ltr'>έκ</span> <span class='ocrx_word' id='word_1_178' title='bbox 260 2607 312 2682; x_wconf 82' lang='grc' dir='ltr'>τῆς</span> <span class='ocrx_word' id='word_1_179' title='bbox 326 2601 478 2671; x_wconf 82' lang='grc' dir='ltr'>Ἑλλάδος</span> <span class='ocrx_word' id='word_1_180' title='bbox 494 2605 593 2668; x_wconf 81' lang='grc' dir='ltr'>ὀπίσω</span> <span class='ocrx_word' id='word_1_181' title='bbox 611 2605 828 2682; x_wconf 85' lang='grc' dir='ltr'>ἀπενόστησεν.</span> <span class='ocrx_word' id='word_1_182' title='bbox 906 2662 910 2672; x_wconf 94' lang='grc'>.</span> 
     </span>
    </p>
   </div>
   <div class='ocr_carea' id='block_1_7' title="bbox 144 2730 1291 2919">
    <p class='ocr_par' dir='ltr' id='par_1_7' title="bbox 144 2730 1291 2919">
     <span class='ocr_line' id='line_1_22' title="bbox 186 2730 1291 2820; baseline -0.003 -20"><span class='ocrx_word' id='word_1_183' title='bbox 186 2744 215 2800; x_wconf 88' lang='grc'>’1.</span> <span class='ocrx_word' id='word_1_184' title='bbox 239 2732 349 2798; x_wconf 71' lang='lat' dir='ltr'><strong>Strab.</strong></span> <span class='ocrx_word' id='word_1_185' title='bbox 359 2733 429 2798; x_wconf 87' lang='lat' dir='ltr'>xvi.</span> <span class='ocrx_word' id='word_1_186' title='bbox 447 2752 471 2797; x_wconf 89' lang='lat'>1.</span> <span class='ocrx_word' id='word_1_187' title='bbox 485 2730 606 2820; x_wconf 82' lang='lat'>5(738)</span> <span class='ocrx_word' id='word_1_188' title='bbox 619 2760 626 2798; x_wconf 77' lang='grc' dir='ltr'>ε</span> <span class='ocrx_word' id='word_1_189' title='bbox 640 2732 731 2796; x_wconf 82' lang='grc' dir='ltr'>Ἔστι</span> <span class='ocrx_word' id='word_1_190' title='bbox 743 2735 776 2798; x_wconf 77' lang='grc' dir='ltr'>δέ</span> <span class='ocrx_word' id='word_1_191' title='bbox 789 2730 838 2797; x_wconf 79' lang='grc' dir='ltr'>καὶ</span> <span class='ocrx_word' id='word_1_192' title='bbox 853 2733 869 2795; x_wconf 87' lang='lat'>6</span> <span class='ocrx_word' id='word_1_193' title='bbox 885 2737 938 2797; x_wconf 82' lang='grc' dir='ltr'>τοῦ</span> <span class='ocrx_word' id='word_1_194' title='bbox 954 2732 1055 2812; x_wconf 81' lang='grc' dir='ltr'>Βήλου</span> <span class='ocrx_word' id='word_1_195' title='bbox 1066 2732 1163 2815; x_wconf 87' lang='grc' dir='ltr'>τάφος</span> <span class='ocrx_word' id='word_1_196' title='bbox 1178 2734 1291 2809; x_wconf 83' lang='grc' dir='ltr'>αθτόθι,</span> 
     </span>
     <span class='ocr_line' id='line_1_23' title="bbox 144 2833 1207 2919; baseline 0.001 -17"><span class='ocrx_word' id='word_1_197' title='bbox 144 2844 196 2905; x_wconf 78' lang='grc' dir='ltr'>νῦν</span> <span class='ocrx_word' id='word_1_198' title='bbox 209 2840 265 2919; x_wconf 77' lang='grc' dir='ltr'>μὲν</span> <span class='ocrx_word' id='word_1_199' title='bbox 280 2836 531 2919; x_wconf 84' lang='grc' dir='ltr'>κατεσκαμμένας,</span> <span class='ocrx_word' id='word_1_200' title='bbox 547 2835 665 2919; x_wconf 82' lang='grc' dir='ltr'>Ξέρξης</span> <span class='ocrx_word' id='word_1_201' title='bbox 680 2833 706 2902; x_wconf 86' lang='grc' dir='ltr'>δ’</span> <span class='ocrx_word' id='word_1_202' title='bbox 721 2837 810 2902; x_wconf 79' lang='grc' dir='ltr'>αὐτδν</span> <span class='ocrx_word' id='word_1_203' title='bbox 826 2838 1029 2917; x_wconf 77' lang='grc' dir='ltr'>κατέσπασεν,</span> <span class='ocrx_word' id='word_1_204' title='bbox 1045 2839 1086 2905; x_wconf 78' lang='grc' dir='ltr'>ὥς</span> <span class='ocrx_word' id='word_1_205' title='bbox 1101 2845 1207 2919; x_wconf 88' lang='grc' dir='ltr'>φασιν.</span> 
     </span>
    </p>
   </div>
   <div class='ocr_carea' id='block_1_8' title="bbox 142 2965 1301 4688">
    <p class='ocr_par' dir='ltr' id='par_1_8' title="bbox 142 2965 1301 4606">
     <span class='ocr_line' id='line_1_24' title="bbox 188 2965 1292 3054; baseline -0.004 -20"><span class='ocrx_word' id='word_1_206' title='bbox 188 2979 220 3034; x_wconf 86' lang='grc'>8.</span> <span class='ocrx_word' id='word_1_207' title='bbox 243 2965 341 3033; x_wconf 87' lang='lat' dir='ltr'>Diod.</span> <span class='ocrx_word' id='word_1_208' title='bbox 359 2965 403 3032; x_wconf 85' lang='lat' dir='ltr'>xi.</span> <span class='ocrx_word' id='word_1_209' title='bbox 421 2967 482 3050; x_wconf 90' lang='lat'>69:</span> <span class='ocrx_word' id='word_1_210' title='bbox 504 2970 566 3031; x_wconf 85' lang='grc' dir='ltr'>Τοῦ</span> <span class='ocrx_word' id='word_1_211' title='bbox 581 2966 608 3031; x_wconf 88' lang='grc' dir='ltr'>δ’</span> <span class='ocrx_word' id='word_1_212' title='bbox 620 2968 771 3030; x_wconf 77' lang='grc' dir='ltr'>ἐνιαυσίου</span> <span class='ocrx_word' id='word_1_213' title='bbox 785 2967 897 3050; x_wconf 91' lang='grc' dir='ltr'>χρόνου</span> <span class='ocrx_word' id='word_1_214' title='bbox 915 2968 1128 3045; x_wconf 89' lang='grc' dir='ltr'>διεληλυθότος</span> <span class='ocrx_word' id='word_1_215' title='bbox 1143 2965 1292 3054; x_wconf 80' lang='grc' dir='ltr'>Ἀθήνησι</span> 
     </span>
     <span class='ocr_line' id='line_1_25' title="bbox 142 3069 1293 3156; baseline 0.002 -21"><span class='ocrx_word' id='word_1_216' title='bbox 142 3074 199 3152; x_wconf 73' lang='grc' dir='ltr'>μὲν</span> <span class='ocrx_word' id='word_1_217' title='bbox 213 3071 288 3156; x_wconf 79' lang='grc' dir='ltr'>ήρχε</span> <span class='ocrx_word' id='word_1_218' title='bbox 303 3072 452 3138; x_wconf 87' lang='grc' dir='ltr'>Λυσίθεος</span> <span class='ocrx_word' id='word_1_219' title='bbox 475 3119 483 3134; x_wconf 90' lang='grc'><strong>.</strong></span> <span class='ocrx_word' id='word_1_220' title='bbox 507 3118 516 3134; x_wconf 87' lang='grc'><strong>.</strong></span> <span class='ocrx_word' id='word_1_221' title='bbox 540 3116 548 3133; x_wconf 89' lang='grc'><strong>.</strong></span> <span class='ocrx_word' id='word_1_222' title='bbox 573 3071 622 3134; x_wconf 76' lang='grc' dir='ltr'>ἐπὶ</span> <span class='ocrx_word' id='word_1_223' title='bbox 637 3074 670 3135; x_wconf 75' lang='grc' dir='ltr'>δὲ</span> <span class='ocrx_word' id='word_1_224' title='bbox 685 3070 795 3135; x_wconf 89' lang='grc' dir='ltr'>τούτων</span> <span class='ocrx_word' id='word_1_225' title='bbox 810 3069 885 3134; x_wconf 82' lang='grc' dir='ltr'>κατά</span> <span class='ocrx_word' id='word_1_226' title='bbox 899 3071 954 3150; x_wconf 78' lang='grc' dir='ltr'>τήν</span> <span class='ocrx_word' id='word_1_227' title='bbox 969 3071 1079 3134; x_wconf 89' lang='grc' dir='ltr'>Ἀσίαν</span> <span class='ocrx_word' id='word_1_228' title='bbox 1093 3069 1293 3151; x_wconf 87' lang='grc' dir='ltr'>Ἀρτάβανος,</span> 
     </span>
     <span class='ocr_line' id='line_1_26' title="bbox 143 3172 1294 3258; baseline -0.003 -18"><span class='ocrx_word' id='word_1_229' title='bbox 143 3176 178 3240; x_wconf 86' lang='grc' dir='ltr'>τὸ</span> <span class='ocrx_word' id='word_1_230' title='bbox 205 3178 261 3254; x_wconf 76' lang='grc' dir='ltr'>μὶν</span> <span class='ocrx_word' id='word_1_231' title='bbox 285 3173 373 3258; x_wconf 87' lang='grc' dir='ltr'>γένος</span> <span class='ocrx_word' id='word_1_232' title='bbox 397 3173 565 3256; x_wconf 74' lang='grc' dir='ltr'>Ὑρκάνιος,</span> <span class='ocrx_word' id='word_1_233' title='bbox 587 3172 749 3254; x_wconf 87' lang='grc' dir='ltr'>δυνάμενος</span> <span class='ocrx_word' id='word_1_234' title='bbox 771 3176 807 3237; x_wconf 72' lang='grc' dir='ltr'>δὲ</span> <span class='ocrx_word' id='word_1_235' title='bbox 827 3178 975 3239; x_wconf 91' lang='grc' dir='ltr'>πλεῖστον</span> <span class='ocrx_word' id='word_1_236' title='bbox 999 3173 1080 3255; x_wconf 87' lang='grc' dir='ltr'>παρά</span> <span class='ocrx_word' id='word_1_237' title='bbox 1101 3176 1142 3257; x_wconf 77' lang='grc' dir='ltr'>τῷ</span> <span class='ocrx_word' id='word_1_238' title='bbox 1164 3178 1294 3255; x_wconf 89' lang='grc' dir='ltr'>βασιλεῖ</span> 
     </span>
     <span class='ocr_line' id='line_1_27' title="bbox 145 3276 1293 3365; baseline -0.003 -19"><span class='ocrx_word' id='word_1_239' title='bbox 145 3277 245 3365; x_wconf 75' lang='grc' dir='ltr'>Ξέρξη</span> <span class='ocrx_word' id='word_1_240' title='bbox 262 3280 387 3344; x_wconf 81' lang='grc' dir='ltr'>καὶτῶν</span> <span class='ocrx_word' id='word_1_241' title='bbox 402 3281 577 3362; x_wconf 88' lang='grc' dir='ltr'>δορυφόρων</span> <span class='ocrx_word' id='word_1_242' title='bbox 598 3277 817 3362; x_wconf 78' lang='grc' dir='ltr'>ἀφηγούμενος,</span> <span class='ocrx_word' id='word_1_243' title='bbox 833 3278 947 3360; x_wconf 84' lang='grc' dir='ltr'>ἔκρινεν</span> <span class='ocrx_word' id='word_1_244' title='bbox 962 3279 1082 3344; x_wconf 90' lang='grc' dir='ltr'>ἀνελεῖν</span> <span class='ocrx_word' id='word_1_245' title='bbox 1097 3284 1150 3343; x_wconf 87' lang='grc' dir='ltr'>τὸν</span> <span class='ocrx_word' id='word_1_246' title='bbox 1166 3276 1293 3359; x_wconf 80' lang='grc' dir='ltr'>Ξέρξην,</span> 
     </span>
     <span class='ocr_line' id='line_1_28' title="bbox 145 3380 1296 3464; baseline 0 -17"><span class='ocrx_word' id='word_1_247' title='bbox 145 3385 194 3449; x_wconf 81' lang='grc' dir='ltr'>καὶ</span> <span class='ocrx_word' id='word_1_248' title='bbox 208 3383 264 3463; x_wconf 74' lang='grc' dir='ltr'>τὴν</span> <span class='ocrx_word' id='word_1_249' title='bbox 278 3384 445 3464; x_wconf 88' lang='grc' dir='ltr'>βασιλείαν</span> <span class='ocrx_word' id='word_1_250' title='bbox 459 3384 503 3449; x_wconf 85' lang='grc' dir='ltr'>είς</span> <span class='ocrx_word' id='word_1_251' title='bbox 518 3386 624 3447; x_wconf 81' lang='grc' dir='ltr'>ἑαυτὸν</span> <span class='ocrx_word' id='word_1_252' title='bbox 637 3384 835 3461; x_wconf 79' lang='grc' dir='ltr'>μεταστῆσαι.</span> <span class='ocrx_word' id='word_1_253' title='bbox 881 3380 1161 3462; x_wconf 90' lang='grc' dir='ltr'>ἀνακοινωσάμενος</span> <span class='ocrx_word' id='word_1_254' title='bbox 1184 3385 1217 3446; x_wconf 76' lang='grc' dir='ltr'>δέ</span> <span class='ocrx_word' id='word_1_255' title='bbox 1240 3381 1296 3460; x_wconf 76' lang='grc' dir='ltr'>τὴν</span> 
     </span>
     <span class='ocr_line' id='line_1_29' title="bbox 144 3483 1295 3568; baseline -0.003 -17"><span class='ocrx_word' id='word_1_256' title='bbox 144 3487 315 3568; x_wconf 79' lang='grc' dir='ltr'>έπιβουλῖην</span> <span class='ocrx_word' id='word_1_257' title='bbox 336 3486 411 3568; x_wconf 86' lang='grc' dir='ltr'>πρὸς</span> <span class='ocrx_word' id='word_1_258' title='bbox 434 3484 621 3567; x_wconf 88' lang='grc' dir='ltr'>Μιθριδάτην</span> <span class='ocrx_word' id='word_1_259' title='bbox 641 3490 695 3550; x_wconf 85' lang='grc' dir='ltr'>τὸν</span> <span class='ocrx_word' id='word_1_260' title='bbox 718 3485 871 3567; x_wconf 76' lang='grc' dir='ltr'>εὐνοῦχον,</span> <span class='ocrx_word' id='word_1_261' title='bbox 888 3483 921 3551; x_wconf 89' lang='grc' dir='ltr'>δς</span> <span class='ocrx_word' id='word_1_262' title='bbox 943 3483 980 3563; x_wconf 85' lang='grc' dir='ltr'>ήν</span> <span class='ocrx_word' id='word_1_263' title='bbox 996 3486 1227 3565; x_wconf 80' lang='grc' dir='ltr'>κατακοιμιστὴς</span> <span class='ocrx_word' id='word_1_264' title='bbox 1242 3489 1295 3548; x_wconf 83' lang='grc' dir='ltr'>τοῖν</span> 
     </span>
     <span class='ocr_line' id='line_1_30' title="bbox 144 3586 1296 3673; baseline -0.002 -19"><span class='ocrx_word' id='word_1_265' title='bbox 144 3590 312 3672; x_wconf 90' lang='grc' dir='ltr'>βασιλέως,</span> <span class='ocrx_word' id='word_1_266' title='bbox 329 3586 378 3654; x_wconf 81' lang='grc' dir='ltr'>καὶ</span> <span class='ocrx_word' id='word_1_267' title='bbox 393 3589 448 3670; x_wconf 81' lang='grc' dir='ltr'>τήν</span> <span class='ocrx_word' id='word_1_268' title='bbox 464 3586 646 3671; x_wconf 83' lang='grc' dir='ltr'>κυριωτάτην</span> <span class='ocrx_word' id='word_1_269' title='bbox 661 3589 741 3673; x_wconf 88' lang='grc' dir='ltr'>έχων</span> <span class='ocrx_word' id='word_1_270' title='bbox 755 3589 868 3663; x_wconf 86' lang='grc' dir='ltr'>πίστιν,</span> <span class='ocrx_word' id='word_1_271' title='bbox 885 3587 947 3667; x_wconf 85' lang='grc' dir='ltr'>όμα</span> <span class='ocrx_word' id='word_1_272' title='bbox 966 3589 999 3651; x_wconf 77' lang='grc' dir='ltr'>δὲ</span> <span class='ocrx_word' id='word_1_273' title='bbox 1019 3590 1067 3651; x_wconf 85' lang='grc' dir='ltr'>καὶ</span> <span class='ocrx_word' id='word_1_274' title='bbox 1089 3588 1239 3670; x_wconf 75' lang='grc' dir='ltr'>συγγενὴς</span> <span class='ocrx_word' id='word_1_275' title='bbox 1255 3587 1296 3653; x_wconf 78' lang='grc' dir='ltr'>θνν</span> 
     </span>
     <span class='ocr_line' id='line_1_31' title="bbox 145 3688 1297 3778; baseline -0.003 -20"><span class='ocrx_word' id='word_1_276' title='bbox 145 3692 337 3775; x_wconf 86' lang='grc' dir='ltr'>Ἀρταβάνου</span> <span class='ocrx_word' id='word_1_277' title='bbox 363 3690 412 3756; x_wconf 84' lang='grc' dir='ltr'>καὶ</span> <span class='ocrx_word' id='word_1_278' title='bbox 443 3693 535 3775; x_wconf 88' lang='grc' dir='ltr'>φίλος</span> <span class='ocrx_word' id='word_1_279' title='bbox 568 3689 723 3772; x_wconf 80' lang='grc' dir='ltr'>ὑπήκουσε</span> <span class='ocrx_word' id='word_1_280' title='bbox 761 3691 835 3773; x_wconf 85' lang='grc' dir='ltr'>πρὸς</span> <span class='ocrx_word' id='word_1_281' title='bbox 866 3690 922 3770; x_wconf 76' lang='grc' dir='ltr'>τήν</span> <span class='ocrx_word' id='word_1_282' title='bbox 952 3690 1129 3772; x_wconf 76' lang='grc' dir='ltr'>ἐπιβουλήν,</span> <span class='ocrx_word' id='word_1_283' title='bbox 1159 3688 1206 3778; x_wconf 85' lang='lat'>(2)</span> <span class='ocrx_word' id='word_1_284' title='bbox 1238 3692 1297 3755; x_wconf 85' lang='grc' dir='ltr'>ύπδ</span> 
     </span>
     <span class='ocr_line' id='line_1_32' title="bbox 147 3791 1296 3878; baseline -0.004 -15"><span class='ocrx_word' id='word_1_285' title='bbox 147 3798 308 3863; x_wconf 83' lang='grc' dir='ltr'>τούτουδέ</span> <span class='ocrx_word' id='word_1_286' title='bbox 331 3801 435 3862; x_wconf 88' lang='grc' dir='ltr'>νυκτδς</span> <span class='ocrx_word' id='word_1_287' title='bbox 454 3792 610 3878; x_wconf 71' lang='grc' dir='ltr'>εἰσαχθεὶς</span> <span class='ocrx_word' id='word_1_288' title='bbox 633 3791 857 3876; x_wconf 87' lang='grc' dir='ltr'>δἈρτάβανος</span> <span class='ocrx_word' id='word_1_289' title='bbox 880 3796 923 3860; x_wconf 79' lang='grc' dir='ltr'>είς</span> <span class='ocrx_word' id='word_1_290' title='bbox 946 3798 998 3858; x_wconf 85' lang='grc' dir='ltr'>τὸν</span> <span class='ocrx_word' id='word_1_291' title='bbox 1021 3799 1156 3871; x_wconf 80' lang='grc' dir='ltr'>κοιτῶνα,</span> <span class='ocrx_word' id='word_1_292' title='bbox 1172 3793 1222 3859; x_wconf 77' lang='grc' dir='ltr'>καὶ</span> <span class='ocrx_word' id='word_1_293' title='bbox 1243 3799 1296 3858; x_wconf 88' lang='grc' dir='ltr'>τδν</span> 
     </span>
     <span class='ocr_line' id='line_1_33' title="bbox 147 3896 1297 3981; baseline -0.004 -14"><span class='ocrx_word' id='word_1_294' title='bbox 147 3899 267 3981; x_wconf 77' lang='grc' dir='ltr'>Ξέρξην</span> <span class='ocrx_word' id='word_1_295' title='bbox 292 3901 419 3975; x_wconf 81' lang='grc' dir='ltr'>ἀνελών,</span> <span class='ocrx_word' id='word_1_296' title='bbox 445 3900 585 3977; x_wconf 83' lang='grc' dir='ltr'>ὥρμησεν</span> <span class='ocrx_word' id='word_1_297' title='bbox 611 3899 661 3962; x_wconf 86' lang='grc' dir='ltr'>έπὶ</span> <span class='ocrx_word' id='word_1_298' title='bbox 684 3898 752 3964; x_wconf 80' lang='grc' dir='ltr'>τοὺς</span> <span class='ocrx_word' id='word_1_299' title='bbox 774 3898 857 3964; x_wconf 80' lang='grc' dir='ltr'>υἱοὺς</span> <span class='ocrx_word' id='word_1_300' title='bbox 878 3903 932 3961; x_wconf 84' lang='grc' dir='ltr'>τοῦ</span> <span class='ocrx_word' id='word_1_301' title='bbox 953 3896 1119 3979; x_wconf 88' lang='grc' dir='ltr'>βασιλέως.</span> <span class='ocrx_word' id='word_1_302' title='bbox 1163 3897 1243 3977; x_wconf 89' lang='grc' dir='ltr'>ήσαν</span> <span class='ocrx_word' id='word_1_303' title='bbox 1265 3901 1297 3962; x_wconf 73' lang='grc' dir='ltr'>δέ</span> 
     </span>
     <span class='ocr_line' id='line_1_34' title="bbox 146 4000 1298 4087; baseline 0.001 -18"><span class='ocrx_word' id='word_1_304' title='bbox 146 4006 227 4069; x_wconf 82' lang='grc' dir='ltr'>οδτοι</span> <span class='ocrx_word' id='word_1_305' title='bbox 246 4009 324 4087; x_wconf 86' lang='grc' dir='ltr'>τρεῖς</span> <span class='ocrx_word' id='word_1_306' title='bbox 339 4003 392 4068; x_wconf 84' lang='grc' dir='ltr'>τάν</span> <span class='ocrx_word' id='word_1_307' title='bbox 409 4002 543 4083; x_wconf 89' lang='grc' dir='ltr'>ἀριθμόν,</span> <span class='ocrx_word' id='word_1_308' title='bbox 557 4007 686 4083; x_wconf 88' lang='grc' dir='ltr'>Δαρεῖος</span> <span class='ocrx_word' id='word_1_309' title='bbox 700 4005 755 4080; x_wconf 71' lang='grc' dir='ltr'>μέν</span> <span class='ocrx_word' id='word_1_310' title='bbox 771 4003 787 4064; x_wconf 96' lang='lat'>6</span> <span class='ocrx_word' id='word_1_311' title='bbox 803 4003 1014 4084; x_wconf 87' lang='grc' dir='ltr'>πρεσβύτατος</span> <span class='ocrx_word' id='word_1_312' title='bbox 1029 4000 1078 4066; x_wconf 84' lang='grc' dir='ltr'>καὶ</span> <span class='ocrx_word' id='word_1_313' title='bbox 1092 4000 1298 4084; x_wconf 79' lang='grc' dir='ltr'>Ἀρταξέρξης,</span> 
     </span>
     <span class='ocr_line' id='line_1_35' title="bbox 147 4101 1298 4186; baseline -0.004 -12"><span class='ocrx_word' id='word_1_314' title='bbox 147 4110 180 4174; x_wconf 85' lang='grc' dir='ltr'>έν</span> <span class='ocrx_word' id='word_1_315' title='bbox 194 4112 259 4174; x_wconf 89' lang='grc' dir='ltr'>τοῖς</span> <span class='ocrx_word' id='word_1_316' title='bbox 273 4106 448 4186; x_wconf 86' lang='grc' dir='ltr'>βασιλείοις</span> <span class='ocrx_word' id='word_1_317' title='bbox 463 4107 679 4186; x_wconf 86' lang='grc' dir='ltr'>διατρίβοντες,</span> <span class='ocrx_word' id='word_1_318' title='bbox 695 4106 711 4167; x_wconf 93' lang='lat'>6</span> <span class='ocrx_word' id='word_1_319' title='bbox 726 4107 760 4169; x_wconf 72' lang='grc' dir='ltr'>δὲ</span> <span class='ocrx_word' id='word_1_320' title='bbox 776 4107 874 4186; x_wconf 85' lang='grc' dir='ltr'>τρίτος</span> <span class='ocrx_word' id='word_1_321' title='bbox 889 4101 1067 4183; x_wconf 71' lang='grc' dir='ltr'>’Ὑστάσπης</span> <span class='ocrx_word' id='word_1_322' title='bbox 1087 4106 1240 4186; x_wconf 83' lang='grc' dir='ltr'>ἀπόδημος</span> <span class='ocrx_word' id='word_1_323' title='bbox 1255 4103 1298 4169; x_wconf 81' lang='grc' dir='ltr'>δν</span> 
     </span>
     <span class='ocr_line' id='line_1_36' title="bbox 147 4206 1299 4296; baseline -0.001 -21"><span class='ocrx_word' id='word_1_324' title='bbox 147 4209 212 4275; x_wconf 83' lang='grc' dir='ltr'>κατ’</span> <span class='ocrx_word' id='word_1_325' title='bbox 226 4213 340 4276; x_wconf 77' lang='grc' dir='ltr'>ἐκεῖνον</span> <span class='ocrx_word' id='word_1_326' title='bbox 355 4215 407 4275; x_wconf 89' lang='grc' dir='ltr'>τδν</span> <span class='ocrx_word' id='word_1_327' title='bbox 424 4211 538 4292; x_wconf 88' lang='grc' dir='ltr'>καιρόν·</span> <span class='ocrx_word' id='word_1_328' title='bbox 561 4210 626 4292; x_wconf 76' lang='grc' dir='ltr'>εἶχε</span> <span class='ocrx_word' id='word_1_329' title='bbox 640 4209 698 4292; x_wconf 85' lang='grc' dir='ltr'>γάρ</span> <span class='ocrx_word' id='word_1_330' title='bbox 713 4209 769 4289; x_wconf 78' lang='grc' dir='ltr'>τήν</span> <span class='ocrx_word' id='word_1_331' title='bbox 789 4210 822 4274; x_wconf 89' lang='grc' dir='ltr'>έν</span> <span class='ocrx_word' id='word_1_332' title='bbox 843 4208 987 4291; x_wconf 88' lang='grc' dir='ltr'>Βάκτροις</span> <span class='ocrx_word' id='word_1_333' title='bbox 1010 4211 1206 4291; x_wconf 86' lang='grc' dir='ltr'>σατραπείαν.</span> <span class='ocrx_word' id='word_1_334' title='bbox 1251 4206 1299 4296; x_wconf 79' lang='lat'>(3)</span> 
     </span>
     <span class='ocr_line' id='line_1_37' title="bbox 148 4310 1300 4405; baseline -0.003 -26"><span class='ocrx_word' id='word_1_335' title='bbox 148 4317 166 4379; x_wconf 91' lang='lat'>6</span> <span class='ocrx_word' id='word_1_336' title='bbox 190 4315 221 4405; x_wconf 29' lang='grc' dir='ltr'>δ’,</span> <span class='ocrx_word' id='word_1_337' title='bbox 241 4314 295 4379; x_wconf 82' lang='grc' dir='ltr'>ούν</span> <span class='ocrx_word' id='word_1_338' title='bbox 319 4310 510 4394; x_wconf 87' lang='grc' dir='ltr'>Ἀρτάβανος</span> <span class='ocrx_word' id='word_1_339' title='bbox 534 4312 776 4395; x_wconf 80' lang='grc' dir='ltr'>παραγενόμενος</span> <span class='ocrx_word' id='word_1_340' title='bbox 807 4312 851 4375; x_wconf 88' lang='grc' dir='ltr'>έτι</span> <span class='ocrx_word' id='word_1_341' title='bbox 882 4311 988 4378; x_wconf 86' lang='grc' dir='ltr'>νυκτὸς</span> <span class='ocrx_word' id='word_1_342' title='bbox 1018 4311 1111 4391; x_wconf 87' lang='grc' dir='ltr'>ούοης</span> <span class='ocrx_word' id='word_1_343' title='bbox 1140 4312 1215 4393; x_wconf 82' lang='grc' dir='ltr'>πρὸς</span> <span class='ocrx_word' id='word_1_344' title='bbox 1246 4318 1300 4376; x_wconf 91' lang='grc' dir='ltr'>τδυ</span> 
     </span>
     <span class='ocr_line' id='line_1_38' title="bbox 147 4415 1300 4501; baseline -0.004 -18"><span class='ocrx_word' id='word_1_345' title='bbox 147 4416 350 4501; x_wconf 78' lang='grc' dir='ltr'>Ἀρταξέρξην</span> <span class='ocrx_word' id='word_1_346' title='bbox 365 4419 466 4500; x_wconf 90' lang='grc' dir='ltr'>έφησε</span> <span class='ocrx_word' id='word_1_347' title='bbox 487 4422 617 4498; x_wconf 90' lang='grc' dir='ltr'>Δαρεῖον</span> <span class='ocrx_word' id='word_1_348' title='bbox 640 4415 693 4480; x_wconf 86' lang='grc' dir='ltr'>τὸν</span> <span class='ocrx_word' id='word_1_349' title='bbox 709 4415 844 4496; x_wconf 82' lang='grc' dir='ltr'>ἀδελφὸν</span> <span class='ocrx_word' id='word_1_350' title='bbox 859 4417 949 4480; x_wconf 80' lang='grc' dir='ltr'>αὐτοῦ</span> <span class='ocrx_word' id='word_1_351' title='bbox 964 4415 1060 4497; x_wconf 86' lang='grc' dir='ltr'>φονέα</span> <span class='ocrx_word' id='word_1_352' title='bbox 1076 4416 1232 4498; x_wconf 82' lang='grc' dir='ltr'>γεγονέναι</span> <span class='ocrx_word' id='word_1_353' title='bbox 1247 4421 1300 4485; x_wconf 81' lang='grc' dir='ltr'>τοῦ</span> 
     </span>
     <span class='ocr_line' id='line_1_39' title="bbox 148 4515 1301 4606; baseline -0.003 -19"><span class='ocrx_word' id='word_1_354' title='bbox 148 4523 260 4605; x_wconf 84' lang='grc' dir='ltr'>πατρὸς</span> <span class='ocrx_word' id='word_1_355' title='bbox 276 4522 325 4586; x_wconf 85' lang='grc' dir='ltr'>καὶ</span> <span class='ocrx_word' id='word_1_356' title='bbox 339 4522 395 4602; x_wconf 81' lang='grc' dir='ltr'>τὴν</span> <span class='ocrx_word' id='word_1_357' title='bbox 408 4521 574 4602; x_wconf 88' lang='grc' dir='ltr'>βασιλείαν</span> <span class='ocrx_word' id='word_1_358' title='bbox 595 4522 639 4588; x_wconf 81' lang='grc' dir='ltr'>είς</span> <span class='ocrx_word' id='word_1_359' title='bbox 657 4519 762 4584; x_wconf 81' lang='grc' dir='ltr'>έουτδν</span> <span class='ocrx_word' id='word_1_360' title='bbox 781 4522 942 4602; x_wconf 75' lang='grc' dir='ltr'>περισπᾶν.</span> <span class='ocrx_word' id='word_1_361' title='bbox 986 4515 1034 4606; x_wconf 82' lang='grc'>(4)</span> <span class='ocrx_word' id='word_1_362' title='bbox 1056 4518 1301 4600; x_wconf 86' lang='grc' dir='ltr'>συνεβούλευσεν</span> 
     </span>
    </p>

    <p class='ocr_par' dir='ltr' id='par_1_9' title="bbox 692 4637 754 4688">
     <span class='ocr_line' id='line_1_40' title="bbox 692 4637 754 4688; baseline -0.016 0"><span class='ocrx_word' id='word_1_363' title='bbox 692 4637 715 4688; x_wconf 69' lang='grc' dir='ltr'>(ά</span> <span class='ocrx_word' id='word_1_364' title='bbox 734 4638 754 4687; x_wconf 78' lang='lat'>2</span> 
     </span>
    </p>
   </div>
   <div class='ocr_carea' id='block_1_9' title="bbox 0 0 1521 5046">
    <p class='ocr_par' dir='ltr' id='par_1_10' title="bbox 0 0 1521 5046">
     <span class='ocr_line' id='line_1_41' title="bbox 0 0 1521 5046; baseline 0 0"><span class='ocrx_word' id='word_1_365' title='bbox 0 0 1521 5046; x_wconf 95' lang='lat' dir='ltr'> </span> 
     </span>
    </p>
   </div>
  </div>
 </body>
</html>
