3000 5046
150 385 263 450 κιαι]
469 376 555 434 THE
584 375 794 435 WESTERN
819 377 995 437 οιςειιεε.
1241 393 1302 456 313

194 580 249 635 29.
271 569 362 634 Ιθὶώ.
379 570 452 635 xiii.
469 585 530 656 37:
554 569 663 645 Γέλων,
681 573 773 636 δτῶν
789 575 984 654 Συρακοσίων
1004 573 1155 656 τύραννος,
1174 572 1228 650 τὴν
1248 575 1301 650 τῆς

150 676 245 759 ἀρχῆς
259 675 446 740 κατάστασιν
464 675 618 760 πρηότατα
635 675 710 758 εἶχε.
756 676 937 742 στασιώδεις
952 676 986 742 δέ
999 701 1078 744 τινες
1095 677 1301 756 ἐπεβούλευον

151 780 239 863 αύτῷ·
265 779 467 859 ἀπυθόμενος
484 781 501 842 ό
517 782 628 853 Γέλων,
644 781 688 846 είς
710 780 875 858 ἐκκλησίαν
896 779 1090 863 συγκαλέσας
1113 780 1183 846 τοὺς
1206 784 1300 860 Συρα·

151 883 281 961 κοσίους,
301 885 445 962 εἰσῆλθεν
467 883 660 964 ὡπλισμένος
678 878 711 970 [ό
726 878 856 971 Γέλων],
871 882 920 948 καὶ
937 882 1102 963 διεξελθὼν
1120 885 1179 947 ὅσα
1202 885 1301 966 ἀγαθδ

150 986 248 1052 αὐτοῖς
271 986 442 1069 εἰργάσατο,
464 987 513 1050 καὶ
530 987 585 1067 τὴν
602 988 771 1068 ἐπιβουλὴν
790 986 971 1070 ἑξεκάλυφε,
990 985 1037 1051 καὶ
1056 988 1226 1052 ἀπεδύσατο
1247 986 1301 1066 τῆν

150 1091 331 1168 πανοπλίαν,
344 1092 437 1156 είπδν
449 1091 523 1173 πρὸς
538 1091 659 1157 πάντας·
682 1091 759 1157 Ἰδού
774 1094 872 1157 τοίνυν
883 1095 953 1170 ύμῖν
965 1094 998 1157 έν
1009 1093 1179 1177 χιτωνίσκῳ
1190 1091 1300 1171 γυμνὸς

150 1199 211 1260 τῶν
241 1195 345 1259 ὅπλων
375 1197 554 1279 παρέστηκα,
583 1192 632 1260 καί
657 1197 763 1276 δίδωμι
788 1200 922 1279 χρῆσθαι
948 1197 966 1259 ό
988 1221 1016 1259 τι
1038 1196 1200 1277 βούλεσθε.
1250 1197 1300 1259 καὶ

151 1297 325 1378 ἐθαύμασαν
348 1299 436 1363 αὐτοῦ
463 1299 518 1378 τῆν
543 1300 663 1383 γνώμην
686 1302 715 1365 οί
738 1301 928 1384 Συρακόσιοι·
962 1302 992 1364 οἱ
1014 1302 1047 1364 δὲ
1070 1296 1118 1363 καὶ
1141 1298 1210 1365 τοὺς
1233 1300 1298 1364 έπι-

150 1402 352 1483 βουλεύοντας
372 1402 545 1486 παρέδοσαν
562 1404 640 1488 αύτῷ
661 1403 792 1468 κολάσαι
810 1402 859 1470 καὶ
877 1404 933 1483 τῆν
950 1403 1048 1488 ἀρχὴν
1066 1404 1188 1467 ἔδωκαν.
1234 1404 1298 1469 όδέ

151 1506 201 1570 καὶ
223 1507 345 1573 τούτους
371 1509 456 1573 εἴασε
482 1509 522 1592 τῷ
547 1506 630 1593 δῆμιρ
654 1506 893 1590 τιμωρήσασθαι.
947 1509 997 1572 καὶ
1027 1509 1129 1572 εἰκόνα
1153 1506 1243 1570 αὐτοῦ
1270 1508 1300 1570 οί

152 1609 331 1691 Συρακόσιοι
344 1611 479 1689 έοτησαν
494 1612 527 1676 έν
542 1611 665 1696 ἀζώοτφ
676 1619 791 1694 χιτῶνι·
821 1613 869 1676 καὶ
885 1609 922 1690 ῆν
936 1616 1024 1675 τοῦτο
1039 1615 1092 1690 τῆς
1107 1611 1300 1693 δημαγωγίας

151 1713 240 1776 αὐτοῦ
254 1714 415 1795 ὑπόμνημα
433 1714 481 1778 καὶ
497 1719 558 1781 τοῖς
576 1717 619 1781 είς
638 1720 690 1779 τὸν
707 1714 783 1797 μετὰ
798 1721 890 1780 ταῦτα
905 1717 998 1780 αίῶνα
1012 1715 1181 1796 μέλλουσιν
1196 1714 1300 1797 άρχειν

151 1817 287 1899 δίδαγμα.

196 1955 251 2010 ³0.
275 1944 372 2010 Diod.
389 1945 435 2011 xi.
452 1949 504 2028 67.
522 1965 558 2012 2:
583 1947 686 2012 Γέλων
707 1949 723 2011 ό
744 1947 942 2029 Δεινομένους
957 1945 1049 2034 ἀρετῇ
1066 1944 1114 2011 καὶ
1135 1947 1300 2030 στρατηγίᾳ

151 2048 232 2111 πολὺ
245 2051 314 2115 τοὺς
329 2049 443 2116 ἀλλους
464 2050 615 2133 διενέγκας
631 2048 680 2115 καί
697 2051 918 2134 Καρχηδονίους
936 2048 1221 2134 καταστρατηγήσας
1240 2049 1300 2114 ένί-

153 2178 227 2229 κησε
243 2152 407 2234 παρατάξει
426 2152 545 2241 μεγάλῃ
563 2154 632 2222 τοὺς
650 2153 836 2238 βαρβάρους,
852 2155 956 2219 καθότι
974 2156 1156 2238 προείρηται·
1184 2151 1300 2238 χρησά-

150 2280 238 2334 μενος
250 2261 282 2323 δὲ
293 2259 431 2324 ἐπιεικῶς
442 2263 506 2326 τοῖς
518 2263 795 2340 καταπολεμηθεῖσι
806 2259 853 2322 καὶ
863 2259 993 2322 καθόλου
1002 2262 1065 2325 τοῖς
1075 2257 1301 2340 πλησιοχώροις

151 2362 228 2423 πᾶσι
254 2359 470 2446 προσενεχθεὶς
498 2363 729 2445 φιλανθρώπως,
751 2360 887 2443 μεγάλης
912 2363 1019 2446 ἔτυχεν
1041 2361 1195 2444 ἀποδοχῆς
1221 2358 1301 2443 παρά

151 2467 215 2529 τοῖς
235 2465 439 2533 Σικελιώταις.
483 2463 531 2553 (3)
553 2467 639 2533 οὗτος
660 2468 716 2546 μέν
736 2466 788 2529 οὖν
810 2465 869 2530 ύπδ
890 2465 1011 2530 πάντων
1033 2465 1231 2547 ἀγαπώμενος
1252 2467 1301 2527 διδ

150 2566 206 2646 τῆν
220 2571 383 2653 πρᾳότητα,
399 2571 553 2636 διετέλεσε
568 2577 622 2635 τδν
634 2573 707 2650 βίον
722 2572 877 2652 εἰρηνικῶς
890 2567 981 2652 μέχρι
995 2572 1048 2650 τῆς
1062 2570 1213 2645 τελευτῆς.

194 2707 242 2761 31.
265 2696 352 2764 Plut.
370 2697 489 2765 Τιίηοί.
508 2717 568 2785 23:
588 2699 670 2778 Ἤδη
693 2703 726 2765 δὲ
747 2696 795 2763 καὶ
815 2704 876 2763 τῶν
895 2697 932 2779 ἐξ
944 2697 1078 2765 Ἰταλίας
1094 2695 1142 2762 καὶ
1158 2697 1303 2764 Σικελίας

151 2802 263 2864 πολλοὶ
275 2801 315 2886 τῷ
327 2802 508 2882 Τιμολέοντι
524 2803 793 2882 συνεληλύθεισαν·
816 2799 865 2866 καὶ
880 2801 1053 2886 γενομένοις
1065 2802 1164 2868 αὐτοῖς
1181 2801 1302 2879 έξακισ·

150 2906 264 2987 μυρίοις
286 2906 320 2969 τὸ
339 2911 468 2986 πλῆθος,
487 2908 526 2973 ώς
544 2906 670 2974 Ἀθανις
693 2907 802 2988 είρηκε,
824 2905 880 2986 τῆν
900 2909 956 2984 μὲν
973 2906 1076 2989 χώραν
1094 2904 1221 2984 διένειμε
1243 2951 1301 2970 ...

151 3008 312 3090 χρημάτων
333 3011 473 3091 εὐπορίαν
490 3011 531 3096 τῷ
550 3010 632 3096 δήμῳ
651 3011 868 3092 μηχανώμενος
883 3011 977 3076 αύτως
990 3008 1145 3094 πενομένῳ
1163 3009 1211 3072 καὶ
1226 3013 1301 3089 πρὸς

151 3113 252 3176 τᾶλλα
274 3110 323 3178 καὶ
346 3120 418 3198 πρδς
438 3121 491 3179 τδν
510 3118 655 3197 πόλεμον,
676 3110 822 3179 ὥστεκαὶ
843 3111 912 3179 τοὺς
932 3112 1108 3195 ἀνδριάντας
1123 3114 1300 3188 ἀποδόσθαι,

152 3213 261 3297 ψήφου
284 3218 499 3300 διαφερομένης
513 3221 588 3300 ὑπὲρ
605 3219 733 3283 έκόατου
750 3215 798 3283 καὶ
813 3215 973 3298 γινομένης
996 3217 1183 3299 κατηγορίας,
1198 3218 1302 3298 ὥσπερ

153 3319 319 3399 ἀνθρώπων
333 3321 457 3389 εύθύνας
472 3322 624 3387 διδόντων·
651 3322 702 3386 ότε
717 3319 753 3400 δή
770 3328 848 3402 φασι
864 3326 917 3384 τδν
929 3320 1066 3387 Γέλωνος
1078 3318 1237 3401 ἀνδριάντα
1249 3324 1303 3383 τοῦ

153 3429 285 3487 παλαιοῦ
300 3424 443 3505 τυράννου
456 3428 634 3507 διατηρῆσαι
649 3425 718 3491 τοὺς
730 3425 942 3506 Συρακοσίους,
955 3421 1302 3506 καταχειροτονουμένων

153 3533 213 3592 τῶν
234 3531 347 3605 ἀλλων,
370 3527 537 3610 ἀγομένους
560 3529 607 3592 καὶ
629 3532 777 3608 τιμῶντας
800 3533 852 3591 τὸν
872 3527 965 3610 άνδρα
985 3529 1038 3605 τῆς
1058 3526 1152 3605 νίκης,
1171 3523 1209 3605 ῆν
1228 3530 1302 3610 πρδς

152 3628 251 3715 Ἱμέρᾳ
266 3631 486 3715 Καρχηδονίους
501 3632 649 3712 ἐνίκησεν.

567 3854 680 3913 Denth
701 3853 741 3912 of
761 3854 880 3912 Gelon.

198 3995 252 4050 82.
276 3983 373 4050 Diod.
389 3984 435 4049 xi.
452 3984 516 4070 38:
539 3982 607 4050 Ἐπ’
628 3984 774 4070 ἀρχοντος
801 3985 826 4048 δ’
849 3984 999 4066 Ἀθήνησι
1023 3980 1301 4064 Τιμοσθένους...

156 4087 231 4148 κατὰ
253 4086 308 4165 τῆν
327 4086 470 4150 Σικελίαν
491 4084 594 4166 πολλή
617 4112 662 4153 τις
687 4084 788 4168 είρῆνη
814 4090 935 4170 κατεῖχε
955 4085 1011 4164 τὴν
1035 4086 1139 4162 νῆσον,
1162 4089 1222 4148 τῶν
1246 4083 1303 4162 μὲν

156 4190 370 4272 Καρχηδονίων
393 4192 436 4257 είς
462 4189 549 4258 τέλος
575 4190 847 4271 τεταπεινωμένων,
873 4191 926 4254 τοῦ
948 4189 981 4253 δὲ
1003 4185 1141 4253 Γέλωνος
1162 4188 1301 4253 ἐπιεικῶς

155 4295 375 4376 προεστηκότος
397 4303 457 4361 τῶν
480 4300 669 4361 Σικελιωτῶν
686 4296 736 4360 καὶ
758 4293 878 4374 πολλῆν
896 4293 1034 4373 εύνομίαν
1056 4292 1161 4356 τεκαὶ
1183 4289 1304 4356 πάντων

155 4405 216 4462 τῶν
242 4397 417 4476 ἐπιτηδείων
442 4399 584 4482 εύπορίαν
609 4398 816 4483 παρεχομένου
842 4404 907 4465 ταῖς
934 4397 1056 4463 πόλεσι.
1109 4392 1158 4482 (2)
1184 4402 1244 4460 τῶν
1270 4397 1302 4458 δὲ

156 4510 348 4593 Συρακοσίων
369 4508 423 4578 τάς
445 4512 502 4591 μὲν
523 4516 703 4578 πολυτελεῖς
722 4509 854 4593 έκφορδς
877 4510 959 4595 νόμῳ
983 4508 1232 4574 καταλελυκότων
1255 4503 1304 4571 καὶ
