3000 5046
486 974 735 1052 OHAPTER
769 975 880 1051 VIII.

452 1223 531 1274 THE
556 1224 743 1276 WESTERN
769 1224 931 1278 GREEKS.

632 1436 735 1461 —00-·

566 1607 792 1679 chronology.

152 1746 179 1801 1.
203 1737 285 1802 Hdt.
301 1737 360 1801 vii.
376 1751 535 1823 154,155.

154 1869 184 1923 2.
206 1859 310 1927 Arist.
319 1858 390 1925 Pol.
406 1858 477 1923 viii.
486 1855 547 1946 (v.)
561 1856 607 1922 ix.
623 1855 704 1946 (ιν.)
720 1876 772 1944 23.
790 1859 909 1943 1315b
924 1879 986 1945 34:
1008 1865 1078 1927 Τῶν
1095 1862 1128 1926 δέ
1142 1867 1261 1927 λοιπῶν

108 1961 303 2050 (τυραννίδων
324 1960 523 2051 χρονιωτάτη)
550 1962 569 2042 ἡ
596 1962 699 2048 <τῶν>
726 1961 795 2047 περὶ
818 1963 939 2047 Ἱέρωνα
968 1962 1017 2029 καὶ
1040 1967 1164 2031 Γέλωνα
1192 1967 1261 2041 περὶ

110 2067 311 2151 Συρακούσας.
343 2069 394 2147 έτη
418 2066 444 2132 δ’
461 2067 522 2131 οὐδ’
544 2068 617 2146 αὕτη
640 2066 744 2131 πολλὰ
766 2067 921 2150 διέμεινεν,
938 2068 1020 2133 ἀλλὰ
1042 2068 1080 2134 τὰ
1102 2069 1262 2151 σύμπαντα

111 2175 192 2235 δυεῖν
207 2170 313 2236 δέοντα
329 2174 435 2237 είκοσι·
468 2169 574 2235 Γέλων
587 2175 643 2250 μὲν
656 2170 714 2252 γάρ
736 2170 811 2237 έπτὰ
825 2171 1024 2255 τυραννεύσας
1039 2172 1080 2258 τῳ
1096 2173 1194 2259 άγδάῳ
1209 2178 1262 2237 τὸν

110 2276 184 2354 βίον
200 2274 406 2355 ἐτελεύτησεν,
421 2274 494 2340 δέκα
509 2273 535 2339 δ’
547 2270 661 2357 Ἱέρων,
677 2275 901 2358 Θρασύβουλος
922 2281 955 2343 δδ
971 2274 1014 2362 τῳ
1029 2275 1175 2363 ἑνδεκάτῳ
1189 2273 1261 2357 μηνὶ

111 2376 265 2457 έξέτεσεν.

154 2479 254 2547 Diod.
270 2481 315 2548 xi.
332 2481 385 2569 38.
430 2482 491 2548 See
506 2480 614 2547 below
629 2492 683 2547 82.

154 2583 245 2652 Ibid.
261 2586 313 2653 66.
359 2585 541 2652 Seebelow
556 2596 631 2652 140.

154 2717 186 2772 8.
208 2705 322 2771 Μανιος.
339 2705 413 2773 Par.
429 2721 471 2791 53
487 2703 575 2794 (69):
609 2704 682 2789 Ἀφ’
703 2705 739 2771 οδ
761 2705 884 2792 [ΓεΊλων
904 2708 921 2770 ά
943 2709 1140 2790 Δεινομένους
1157 2709 1262 2794 [Συρα-

112 2810 237 2896 κουσῶν]
253 2810 475 2894 έπυράννευσεν,
490 2812 541 2891 έτη
559 2808 691 2889 ΗΗΔΡ,
707 2811 856 2895 ἄρχοντας
869 2808 1019 2891 Ἀθήνησι
1030 2812 1261 2898 ΤιμοσθέιίουςῙ.

154 2941 187 2995 4.
209 2931 306 2997 Paus.
326 2931 398 2996 viii.
420 2949 474 3010 42.
498 2929 537 2995 8:
570 2932 660 2998 Ἐπεὶ
688 2935 722 2999 δὲ
748 2931 926 3012 ἐτελεύτησε
952 2933 1064 3011 Γέλων,
1087 2934 1118 3001 ές
1140 2931 1263 3016 Ἱέρωνα

111 3038 246 3119 ἀδελφὸν
261 3035 399 3104 Γέλωνος
415 3037 578 3118 περιῆλθεν
594 3035 613 3115 ἡ
632 3034 720 3119 άρχή.
754 3034 888 3119 Ἱέρωνος
910 3038 944 3101 δὲ
966 3037 1170 3105 άποθανάντος
1189 3040 1263 3122 πρά·

112 3139 197 3223 τέρον
218 3138 289 3222 πρὶν
310 3137 328 3221 ἢ
352 3141 394 3226 τῷ
416 3139 574 3225 Ὀλυμπίῳ
598 3135 651 3203 Διί
677 3140 832 3205 άναθεῖναι
853 3143 891 3204 τὰ
916 3139 1092 3221 ἀναθήματα
1113 3140 1133 3204 δ
1156 3140 1263 3222 εὔξατο

112 3245 162 3307 ἐπὶ
185 3252 245 3309 τῶν
266 3245 368 3308 ίππων
389 3249 455 3310 ταῖς
478 3244 582 3319 νίκαις,
606 3243 684 3307 οὕτω
708 3241 889 3324 Δεινομένης
912 3244 929 3307 δ
950 3241 1086 3326 Ἱέρωνος
1110 3243 1264 3310 άπέδωκεν

111 3348 186 3427 ὑπὲρ
201 3351 254 3409 τοῦ
273 3347 393 3428 πατρός.

157 3476 188 3530 5.
212 3464 267 3529 Id.
284 3464 328 3529 vi.
347 3483 396 3530 12.
416 3483 451 3527 1:
480 3462 697 3547 Ὑπομνήματα
719 3469 752 3531 δὲ
775 3462 825 3530 έτδ
846 3466 944 3532 νίκαις
958 3463 1158 3548 Ὀλυμπικαῖς
1179 3464 1264 3531 ἐστὶν

112 3570 246 3650 Ἱέρωνος
280 3573 333 3632 τοῦ
364 3565 563 3649 Δεινομένους
595 3566 834 3651 τυραννήσαντος
864 3569 1075 3650 Συρακουσίων
1105 3568 1181 3651 μετὰ
1210 3574 1264 3634 τδυ

113 3673 249 3754 άδελφδν
268 3672 401 3739 Γέλωνα.
445 3674 483 3735 τδ
500 3673 533 3736 δέ
552 3669 728 3751 ἀναθήματα
749 3671 807 3758 οὐχ
827 3670 928 3754 Ἱέρων
950 3670 1140 3750 άπέστειλεν,
1161 3670 1264 3738 άλλ’ὀ

111 3778 166 3858 μὲν
182 3775 311 3843 ἆποδοὺς
325 3776 366 3861 τῷ
382 3777 440 3860 θεῷ
457 3773 639 3856 Δεινομένης
654 3775 739 3840 ἐστὶν
754 3775 772 3839 δ
785 3774 929 3858 Ἱέρωνος.

157 3909 189 3962 6.
214 3895 322 3964 Schol.
339 3894 432 3959 Pind.
453 3893 501 3960 Ol.
516 3893 538 3959 i.
553 3893 657 3960 ίαυαν.
702 3893 763 3961 See
777 3893 885 3960 below
899 3905 967 3960 141.

355 4099 458 4168 θείου
479 4098 552 4168 stac
573 4121 597 4167 α
621 4097 749 4166 (δαίσατο
769 4098 812 4165 in
833 4097 933 4188 488l7
957 4116 1019 4166 αα.

158 4252 188 4307 ’1.
209 4238 305 4305 Paua.
321 4239 367 4307 vi,
383 4258 412 4322 9.
428 4259 467 4319 4:
497 4238 545 4304 Τὰ
563 4240 597 4305 δὲ
617 4239 649 4306 ές
669 4237 705 4303 τδ
722 4237 802 4322 άρμα
818 4243 853 4304 τδ
867 4237 1006 4309 Γέλωνος
1025 4237 1061 4304 ού
1079 4241 1155 4305 κατδ
1171 4239 1265 4306 ταύτά

114 4343 251 4424 δοξάζειν
274 4342 342 4425 έμαί
362 4367 396 4408 τε
423 4344 589 4426 παρίστατο
613 4342 663 4407 καὶ
688 4346 752 4410 τοῖς
775 4343 922 4425 πρότερον
946 4340 966 4423 ἢ
992 4343 1053 4427 ly&
1078 4342 1117 4410 τά
1137 4345 1171 4413 ές
1191 4343 1264 4411 αύτδ

114 4449 279 4532 εἰρηκόσιν,
295 4447 323 4512 02
339 4445 476 4515 Γέλωνος
491 4450 544 4511 τοῦ
562 4447 596 4513 έν
610 4447 737 4533 Σικελίη
755 4444 997 4531 τυραννήσαντός
1013 4452 1112 4529 φασιν
1126 4445 1272 4531 ἀνάθημα,

659 4567 682 4614 X
699 4568 718 4616 2
