3000 5046
172 376 285 441 esee]
489 369 576 428 THE
604 369 815 429 WESYERN
839 369 1018 429 GREEKS.
1264 386 1328 449 315

172 560 308 642 ἀδελφοῦ
323 560 494 646 διαδέχεται
510 566 586 627 κατὰ
601 561 653 630 τάς
669 563 807 630 Γέλωνος
821 569 875 626 τοῦ
891 565 1027 642 ἀδελφοῦ
1042 562 1232 645 προστάξεις,
1246 565 1327 629 ὥστε

171 668 206 726 τδ
222 662 365 746 Θήρωνος
382 667 425 732 είς
441 664 562 731 Γέλωνα
577 670 667 747 κῆδος
682 670 725 733 είς
740 667 794 732 τὸν
809 666 991 746 Πολύζηλον
1004 671 1244 746 μετατεθεῖσθαι.

216 794 269 848 36.
292 782 382 849 Ibid.
412 783 509 851 Nem.
536 785 582 850 ix.
610 801 672 872 95:
708 784 765 855 Ὡς
797 790 828 851 δὲ
864 785 913 851 καὶ
948 788 965 850 ά
995 785 1099 851 Γέλων
1132 789 1173 872 τῷ
1203 788 1326 872 Χρομίῳ

171 888 282 970 έχρῆτο
304 889 421 975 έταίριρ,
445 894 538 969 δῆλον
558 889 653 956 πάλιν
674 890 710 970 έξ
728 894 771 956 ὧν
791 889 870 972 φησί
891 891 1019 968 Τίμαιος
1040 886 1105 975 (fr.
1124 890 1166 967 84
1180 889 1214 953 F.
1228 890 1272 956 H.
1285 889 1323 955 G.

170 987 193 1051 i.
211 989 288 1077 212)
304 993 386 1080 ένιῇ
404 992 527 1078 δευτέρα
539 993 665 1078 γράφων
682 996 783 1062 ούτως·
806 994 1007 1075 Ἐπιτράπους
1023 997 1055 1058 δὲ
1071 997 1123 1056 τοῦ
1139 992 1245 1061 παιδὸς
1261 991 1325 1073 μετ’

172 1096 286 1159 έκεῖνον
302 1095 488 1174 κατέστησεν
502 1096 699 1179 Ἀριστόνουν
714 1095 762 1162 καὶ
784 1099 919 1178 Χρόμιον
942 1096 1010 1164 τοὺς
1027 1096 1183 1173 κηδεστάς·
1207 1097 1325 1163 τούτοις

171 1199 228 1279 γὰρ
243 1198 260 1260 θ
274 1197 379 1263 Γέλων
393 1199 503 1283 δέδωκε
518 1203 572 1267 τὰς
587 1200 733 1282 άδελφάς.

216 1327 267 1382 37.
289 1317 453 1383 Eusebius
478 1318 591 1406 (Sym.
616 1321 692 1405 483.
719 1317 789 1406 11):
814 1318 915 1403 Ἱέρων
941 1318 1150 1402 Συρακουσίων
1173 1316 1326 1403 ἐτυράννει

172 1417 220 1484 καί
235 1422 310 1501 ὅλης
326 1424 476 1490 Σικελίας.

214 1540 349 1608 Hieron
374 1541 423 1607 Ol.
447 1559 498 1626 75.
524 1564 565 1623 4:
588 1543 718 1610 Hieron
748 1543 923 1630 Syracusis
952 1549 1079 1630 regnet.
1134 1541 1182 1608 Ol.
1210 1545 1261 1626 76.
1283 1562 1324 1608 2:

172 1644 301 1711 Hieron
321 1651 398 1732 post
421 1645 581 1713 Gelonem
609 1646 782 1733 Syracusis
804 1647 1017 1734 tyrannidem
1044 1651 1186 1713 exercet.
1232 1645 1324 1711 Vere.

171 1752 263 1813 Arm.
286 1748 336 1814 Ol.
355 1751 404 1831 76.
420 1771 458 1829 4:
481 1749 610 1817 Hieron
629 1751 666 1815 in
688 1751 916 1838 Syracusanos
937 1750 1152 1837 tyrannidem
1175 1750 1325 1816 exercuit

171 1858 249 1938 post
264 1852 432 1919 Gelonem.

200 1999 272 2054 'l'he
295 2000 440 2064 Querrel
461 2000 547 2058 with
567 2001 746 2070 Polyzelos
768 2002 838 2058 end
856 1999 1013 2056 Allienee
1039 1999 1125 2056 with
1145 2000 1292 2058 Theron.

216 2138 270 2191 38.
294 2127 403 2193 Schol.
422 2127 516 2192 Pind.
536 2127 585 2194 Ol.
608 2128 645 2193 ii.
669 2149 732 2213 29:
755 2134 825 2196 Τῶν
853 2130 886 2193 δὲ
913 2123 1147 2216 πεπραγμένων]
1173 2129 1190 2191 θ
1214 2127 1325 2210 Θήρων

173 2230 318 2311 θυγατέρα
333 2236 438 2296 ἑαυτοῦ
454 2232 580 2313 έξέδωκε
597 2240 670 2315 πρὸς
685 2233 782 2317 γάμον
797 2230 967 2317 Πολυζήλφ
985 2233 1026 2318 τῷ
1042 2230 1165 2318 άδελφφ
1182 2230 1325 2314 Ἱέρωνος,

173 2332 205 2399 δς
232 2338 381 2418 πεμφθεὶς
407 2339 466 2402 eut
491 2335 625 2419 Ἱέρωνος
652 2342 826 2418 πολεμῆσαι
850 2341 913 2403 τοῖς
939 2337 1101 2418 περιοίκοις
1128 2337 1324 2402 Σικελιώταις

172 2439 343 2521 βαρβάροις
367 2441 480 2507 ἔπαυσε
503 2450 556 2507 τὸν
576 2444 711 2525 πόλεμον
729 2441 822 2526 χωρὶς
840 2446 893 2522 τῆς
912 2445 964 2504 τοῦ
979 2438 1114 2524 Ἱέρωνος
1132 2441 1259 2524 γνώμης,
1276 2438 1325 2505 καί

173 2544 222 2604 διὰ
239 2547 327 2606 τοῦτο
348 2547 381 2609 έν
398 2545 548 2629 ὑφοράσει
568 2546 615 2628 ἧν.
661 2549 855 2632 Θρασυδοίου
874 2549 906 2612 δὲ
928 2551 981 2610 τοῦ
1002 2543 1147 2625 Θήρωνος
1168 2546 1235 2609 υίοῦ
1257 2550 1324 2610 πεί-

173 2671 282 2712 σαντος
305 2646 358 2712 τὸν
381 2650 561 2728 Πολύζηλον
579 2651 739 2716 ἐπιθέσθαι
761 2650 802 2737 τῷ
823 2647 946 2732 Ἱέρωνι,
971 2647 1214 2733 ὑπισχνουμένου
1236 2648 1325 2712 αύτοΰ

172 2753 235 2814 τοῖς
260 2748 417 2832 πράγμασι
443 2752 738 2836 συναντιλήψεσθαι,
762 2754 852 2837 γνοὺς
879 2755 896 2817 θ
920 2750 1023 2835 Ἱέρων
1049 2752 1165 2834 έκρινεν
1186 2749 1325 2834 αίρήσειν

171 2851 226 2930 τήν
246 2852 437 2937 Ἀκράγαντα
459 2854 506 2920 καὶ
533 2855 663 2936 Θήρωνα
685 2856 734 2922 καί
761 2861 964 2940 Θρασυδαῖον.
1009 2856 1187 2936 μελλόντων
1209 2858 1243 2919 δέ
1265 2862 1326 2920 τῶν

172 2957 274 3035 φίλων
294 2959 408 3040 ἔπεμπε
425 2964 592 3041 Σιμωνίδης
610 2963 627 3025 ά
647 2967 768 3044 λυρικδς
787 2966 861 3044 πρὸς
882 2960 973 3025 αὐτὸν
994 2958 1221 3040 συμβουλεύων,
1240 2961 1325 3024 έκτα-

171 3057 259 3138 ράξαι
274 3065 394 3139 μᾶλλον
408 3064 597 3144 βουλόμενος
614 3063 655 3151 τῷ
670 3066 795 3147 μηνύειν
809 3065 863 3143 τὴν
876 3066 1053 3146 μέλλουσαν
1068 3061 1147 3148 αύτῷ
1160 3064 1325 3143 προδοσίαν

173 3161 300 3227 ἔσεσθαι
329 3162 377 3229 καὶ
407 3167 478 3233 τοὺς
508 3168 712 3248 προδιδόντας.
757 3170 773 3231 ὁ
800 3172 833 3233 δέ
859 3165 1040 3247 εὐλαβηθείς
1066 3163 1238 3249 έξεχύρησε
1265 3172 1324 3229 τῶν

172 3264 355 3347 πραγμάτων
368 3269 409 3355 τῷ
419 3266 542 3351 Ἱέρωνι,
557 3272 685 3354 ύστερον
700 3272 733 3335 δέ
748 3271 907 3349 άπέλαβεν
921 3269 973 3334 ἀπ’
985 3269 1076 3334 αὐτοῦ
1090 3268 1146 3347 τήν
1157 3269 1327 3353 τυραννίδα,

175 3366 223 3432 καί
248 3369 430 3448 διελύθησαν
455 3376 507 3452 τῆς
534 3373 654 3455 ἔχθρας,
681 3374 721 3441 ὡς
750 3375 799 3438 καὶ
830 3376 951 3453 κηδείαν
975 3371 1043 3436 τινὰ
1069 3372 1144 3455 πρὸς
1170 3369 1325 3450 ἀλλήλους

173 3469 371 3551 ποιήσασθαι,
386 3472 521 3556 Ἱέρωνος
535 3478 691 3558 λαβόντος
706 3476 761 3556 τὴν
776 3474 920 3558 Θήρωνος
935 3475 1072 3556 άδελφην
1087 3479 1223 3556 γυναῖκα·
1254 3475 1326 3540 ὅθεν

173 3575 190 3637 ά
214 3579 364 3658 Πίνδαρος
386 3577 639 3661 παραπέμπεσθαι
660 3583 801 3663 παραινεῖ
814 3581 852 3643 τὰ
867 3576 1120 3661 προγεγενημένα.
1149 3578 1176 3662 φ.
1190 3575 1323 3643 ΙἈλλιος.

173 3680 302 3758 ζητεῖται
319 3679 356 3745 δι’
371 3679 410 3761 ήν
424 3683 522 3746 αἰτίαν
536 3681 698 3762 εὐξάμενος
713 3679 754 3769 τῷ
770 3681 891 3764 Θήρωνι
911 3680 949 3746 τὰ
966 3680 1115 3745 κάλλιστα
1136 3679 1323 3745 κατάπαυσιν

172 3788 232 3849 τῶν
254 3785 450 3868 πραχθέντων
472 3789 578 3852 δεινῶν
600 3789 726 3852 αίτεῖται
748 3791 800 3851 τὸν
823 3786 896 3850 Δία.
942 3782 990 3849 καὶ
1012 3786 1030 3848 ά
1050 3788 1106 3864 μὲν
1123 3783 1323 3867 Ἀρίσταρχύς

173 3894 262 3968 φησι,
278 3893 328 3954 διὰ
343 3889 377 3954 τὸ
392 3891 569 3971 κεκμηκέναι
589 3890 658 3957 τοὺς
677 3895 728 3956 τοῦ
744 3888 890 3972 Θήρωνος
904 3889 1035 3973 πατέρας
1053 3890 1129 3952 κατδ
1142 3888 1199 3966 τὴν
1211 3883 1325 3966 Ῥόδον,

173 3999 234 4058 τῶν
249 3994 431 4076 πραγμάτων
444 3994 701 4074 στοσιαζομένων,
718 3996 767 4060 καὶ
783 3996 859 4059 ούτω
875 3993 929 4073 τήν
945 3996 988 4061 είς
1003 3991 1059 4072 τήν
1068 3993 1213 4057 Σικελίαν
1222 4015 1323 4072 μετοι-

174 4097 279 4160 κεσίαν
293 4099 508 4179 στειλαμένων·
538 4100 555 4162 ά
572 4103 604 4166 δὲ
618 4101 750 4179 Δίδυμος
771 4147 780 4166 .
798 4148 806 4165 .
823 4149 830 4164 .
850 4095 917 4184 (see
932 4096 1039 4162 ebove
1053 4097 1110 4185 35)
1126 4143 1134 4160 .
1151 4143 1159 4160 .
1177 4092 1330 4181 ,λαμπρῷ

174 4202 206 4265 δὲ
219 4196 296 4284 αύτφ
307 4197 361 4285 (τῷ
372 4200 554 4289 Πολυζήλῳ)
567 4199 615 4267 καί
628 4203 825 4288 περιβλέπτῳ
837 4200 1017 4286 τυγχάνοντι
1030 4199 1105 4264 κατὰ
1115 4199 1171 4279 τὴν
1182 4199 1325 4264 Σικελίαν

172 4293 275 4384 Ἱέρων
298 4302 455 4385 φθονήσας
481 4307 499 4369 ά
525 4307 658 4387 ἀδελφὸς
685 4308 734 4371 καὶ
760 4305 918 4389 πρόφασιν
944 4303 1142 4388 σκηψάμενος
1170 4309 1224 4368 τὸυ
1249 4307 1324 4385 πρὸς

174 4409 344 4487 Συβαρίτας
358 4411 495 4491 πόλεμον
505 4410 668 4476 άπελαύνει
683 4412 736 4488 τῆς
750 4411 900 4491 πατρίδος.
926 4409 1009 4474 ἀλλὰ
1024 4406 1073 4472 καὶ
1089 4412 1194 4471 τοῦτον
1208 4406 1323 4490 κατάρ-

174 4515 255 4576 θωσε
273 4517 325 4576 τὸν
344 4514 481 4595 πόλεμον
502 4517 518 4578 ὁ
539 4514 728 4596 Πολύζηλος.
774 4515 841 4579 etz
858 4513 900 4596 μή
920 4514 1022 4595 φέρων
1038 4511 1220 4596 γυμνάτερον
1235 4510 1325 4576 αὐτοῦ
