3000 5046
183 375 273 441 9-18.]
450 369 543 427 HER
567 369 723 430 ALLIES
746 371 840 429 AND
866 371 1083 432 COLONIES.
1294 373 1335 451 85

184 562 334 646 egregius
360 560 554 628 adulescens
577 567 611 628 et
632 563 766 629 eaedem
784 564 890 652 patris
913 571 946 630 et
968 586 1082 632 necem
1104 567 1219 632 fratris
1241 574 1275 632 et
1299 589 1333 633 se

184 663 227 729 ab
242 664 372 730 insidiis
387 665 552 732 Artabani
566 665 762 733 vindicavit.

226 802 278 857 10.
301 793 358 857 Ar.
368 793 441 859 Pol.
457 794 529 858 viii.
545 791 606 883 (v.)
624 795 695 860 viii.
710 793 790 882 (10.)
809 815 857 874 14.
877 816 956 883 1311
977 797 1000 862 b
1015 818 1079 882 34:
1116 797 1175 864 Καὶ
1193 799 1285 864 ἄλλοι
1301 804 1333 866 δὲ

184 899 297 962 πολλοὶ
315 898 365 963 διὰ
380 900 518 965 τοιαύτας
534 901 632 967 αίτίας
647 899 676 964 οἳ
690 903 747 980 μὲν
762 900 951 987 ἀνῃρέθησαν
967 901 995 965 οῖ
1012 901 1038 965 δ’
1055 903 1331 983 ἐπεβουλιύθησαν.

183 1002 292 1081 ὁμοίως
306 1005 339 1067 δέ
354 1000 402 1067 καί
417 1006 467 1067 διὰ
482 1006 593 1084 φόβον·
616 1005 650 1069 ἐν
665 1002 722 1087 γάρ
737 1030 765 1068 τι
781 1008 869 1067 τοῦτο
890 1010 951 1070 τῶν
970 1006 1074 1071 αίτίων
1094 1005 1140 1085 ἦν,
1155 1007 1258 1088 ὥσπερ
1282 1009 1332 1072 καὶ

182 1107 250 1186 περὶ
276 1103 330 1173 τὰς
357 1107 514 1173 πολιτείας
539 1109 587 1170 καὶ
611 1111 664 1174 τὰς
689 1109 866 1191 μοναρχίας·
900 1110 966 1173 οίον
997 1109 1116 1190 Ξέρξην
1141 1109 1332 1192 Ἀρταπάνης

181 1210 374 1290 φοβούμενος
404 1210 459 1290 τὴν
491 1211 642 1292 διαβολὴν
671 1212 726 1291 τὴν
755 1210 823 1295 περὶ
855 1217 995 1294 Δαρεῖον,
1028 1214 1075 1277 ότι
1105 1214 1270 1295 ἐκρέμασεν
1297 1215 1331 1278 ού

182 1313 381 1380 κελεύσαντος
402 1313 527 1395 Ξέρξου,
542 1315 613 1379 ἀλλ’
634 1316 768 1396 οἰόμενος
787 1318 1022 1398 συγγνώσεσθαι
1044 1318 1083 1384 ὦς
1105 1319 1331 1398 ἀμνημονοῦντα

181 1420 231 1481 διδ
246 1423 280 1480 τδ
296 1422 438 1484 δειπνεῖν.

506 1608 578 1665 vhe
600 1607 773 1666 Athenian
796 1609 1009 1679 campaigns.

692 1738 793 1804 Εϊαιι.

222 1831 266 1886 11.
290 1821 371 1888 Ηόϊ.
388 1822 445 1889 vii.
465 1840 537 1906 107.

222 1962 271 2016 12.
296 1952 451 2039 Polyaen.
475 1954 532 2018 vii.
558 1974 615 2032 24:
651 1957 748 2039 Βόγης
771 1953 894 2023 Ἠϊόνας
913 1959 967 2035 τῆς
990 1954 1039 2021 ἐπὶ
1064 1958 1232 2037 Στρυμόνος
1253 1955 1327 2039 ἦρχε

178 2056 283 2123 δόντος
305 2058 383 2143 αὐτῷ
406 2059 461 2139 τὴν
483 2060 579 2143 ἀρχὴν
599 2059 735 2142 μεγάλου
756 2061 923 2139 βασιλέως.
964 2060 1117 2138 ’Έλληνες
1133 2060 1327 2140 ἐπολιόρκουν

177 2158 233 2238 τὴν
255 2159 405 2240 Ἠϊόναό
427 2166 460 2227 δέ
484 2163 582 2245 Βόγης
607 2165 657 2226 ἐπὶ
675 2165 793 2245 μακρδν
814 2166 944 2249 ἀντέσχε
962 2167 998 2251 τῇ
1018 2165 1185 2248 πολιορκίη.
1231 2163 1271 2230 ὦς
1293 2166 1326 2227 δέ

177 2264 371 2348 ἀπηγόρευεν,
387 2266 444 2351 ούχ
459 2265 616 2347 ὑπομένων
631 2273 665 2330 τὸ
686 2272 846 2333 πιστευθὲν
867 2270 899 2332 ἐκ
923 2267 1079 2345 βασιλέως
1100 2268 1211 2350 χωρίον
1234 2274 1326 2332 πολε-

176 2368 255 2448 μίοις
276 2370 425 2449 προέσθαι
447 2370 485 2459 τῇ
506 2371 596 2435 πόλει
621 2375 679 2453 πῦρ
702 2373 816 2449 ἐνῆκεν,
832 2373 911 2436 ὥστε
938 2373 1025 2439 αι’πός
1049 2396 1082 2437 τε
1107 2368 1155 2435 καί
1178 2370 1253 2454 γυνὴ
1277 2373 1325 2435 καὶ

176 2473 264 2536 τέκνα
281 2470 328 2537 καὶ
344 2473 361 2553 ἡ
378 2477 468 2541 πόλις
485 2476 558 2556 ὁμοῦ
573 2477 877 2559 συγκατεφλέγησαν.

219 2613 268 2667 13.
289 2603 376 2668 Plut.
392 2604 478 2670 Cim.
497 2621 532 2686 7:
556 2606 659 2686 Κίμων
675 2605 716 2684 δέ,
731 2612 791 2670 τῶν
811 2603 977 2689 συμμάχων
996 2604 1052 2684 ἤδη
1075 2605 1325 2689 προσκεχωρηκό-

177 2732 236 2771 των
262 2707 348 2794 αύτῷ,
376 2715 544 2792 στρατηγὸς
571 2712 614 2776 είς
636 2708 761 2794 Θρᾴκην
789 2710 926 2782 ἔπλευσε,
950 2708 1173 2787 πυνθανόμενος
1196 2712 1325 2789 Περσῶν

175 2812 284 2892 ἄνδρας
309 2814 447 2893 ἐνδόξους
471 2816 519 2879 καὶ
544 2819 700 2897 συγγενεῖς
729 2813 887 2894 βασιλέως
912 2813 1021 2877 Ἠϊόνα
1050 2813 1143 2876 πόλιν
1172 2809 1252 2893 παρὰ
1283 2813 1323 2897 τῷ

175 2918 321 2998 Στρυμόνι
347 2918 484 2996 κειμένην
506 2919 630 3004 ποταμῷ
650 2917 831 2999 κατέχοντος
847 2919 986 3000 ἐνοχλεῖν
1000 2921 1062 2982 τοῖς
1081 2913 1148 2998 περὶ
1162 2915 1216 2980 τὸν
1230 2918 1325 2981 τόπον

176 3023 292 3086 έκεῖνον
307 3020 456 3100 Ἕλλησι.
487 3028 606 3105 πρῶτον
620 3026 676 3103 μὲν
691 3022 744 3086 σύν
760 3021 865 3088 αύτούς
878 3020 961 3107 μάχῃ
978 3020 1046 3086 τοὺς
1062 3019 1185 3102 Πέρσας
1201 3020 1324 3097 ένίκησε

174 3122 223 3188 καί
245 3125 439 3192 κατέκλεισεν
462 3128 504 3192 είς
527 3128 581 3206 τὴν
600 3127 700 3191 πόλιν·
724 3127 828 3191 ἔπειτα
844 3125 911 3191 τοὺς
927 3125 1001 3204 ύπέρ
1016 3125 1172 3206 Στρυμόνα
1188 3125 1322 3207 Θρᾷκας,

174 3229 244 3293 ὅθεν
259 3228 360 3295 αὐτοῖς
376 3231 484 3311 ε’φοίτα
500 3236 596 3309 σῖτος,
612 3229 797 3296 ἀναστάτους
814 3234 908 3292 ποιῶν
924 3225 973 3291 καί
994 3227 1049 3307 τὴν
1064 3227 1168 3309 χώραν
1183 3234 1322 3310 παραφυ-

173 3331 292 3396 λάττων
318 3333 440 3398 ἃπασαν
463 3335 505 3400 εἰς
528 3332 677 3411 τοσαύτην
701 3334 830 3413 ἀπορίαν
851 3333 920 3398 τοδς
944 3328 1211 3413 πολιορκουμένους
1238 3329 1323 3393 κατέ-

173 3461 298 3515 στησεν,
332 3438 411 3502 ὥστε
442 3438 558 3514 Βούτην
589 3438 643 3503 τδν
677 3435 834 3518 βασιλέως
873 3440 1043 3517 στρατηγὸν
1079 3434 1253 3515 ἀπογνόντα
1284 3433 1322 3497 τὰ

173 3538 333 3621 πράγματα
347 3541 383 3627 τῇ
399 3542 487 3606 πόλει
507 3545 565 3622 πῦρ
588 3542 698 3606 ἐνεῖναι
717 3537 765 3604 καί
789 3541 1019 3619 συνδιαφθεῖραι
1040 3538 1117 3617 μετὰ
1139 3543 1199 3601 τῶν
1222 3535 1323 3616 φίλων

173 3640 221 3706 καί
252 3649 312 3708 τῶν
337 3645 498 3727 χρημάτων
522 3645 638 3712 ἐαυτόν.
684 3646 759 3708 ούτω
782 3644 815 3708 δὲ
837 3643 946 3722 λαβὼν
968 3641 1023 3720 τὴν
1048 3641 1139 3705 πόλιν
1166 3637 1246 3702 ἀλλο
1265 3641 1322 3716 μέν

173 3745 258 3811 ούδέν
280 3746 442 3831 ἀξιόλογον
464 3748 617 3829 ὠφελήθη,
633 3756 693 3814 τῶν
717 3747 872 3811 πλείστων
894 3751 957 3812 τοῖς
979 3742 1150 3825 βαρβάροις
1173 3768 1322 3826 συγκατα-

172 3849 313 3929 καέντων,
336 3852 390 3931 τὴν
412 3855 443 3916 δέ
466 3853 569 3936 χώραν
592 3850 799 3933 εὐφυεστάτην
822 3851 916 3914 οὖσαν
938 3845 986 3912 καί
1009 3849 1176 3924 καλλίστην
1202 3847 1322 3922 οίκῆσαι

171 3953 325 4035 παρέδωκε
346 3960 410 4022 τοῖς
428 3956 609 4036 Ἀθηναίοις.
655 3953 703 4019 καί
727 3955 796 4023 τοὺς
816 3952 930 4036 Ἑρμᾶς
953 3952 1031 4037 αύτῷ
1056 3951 1126 4017 τοὺς
1148 3951 1282 4016 λιθίνους
1304 3950 1322 4012 δ

171 4059 263 4136 δῆμος
278 4059 432 4123 ἀναθεῖναι
448 4059 671 4143 συνεχώρησεν,
686 4061 728 4124 ὧν
743 4057 961 4141 ἐπιγέγραπται
977 4057 1019 4141 τῷ
1034 4055 1090 4135 μέν
1105 4053 1211 4138 πράτιρ

340 4168 404 4237 Ἢν
426 4171 482 4252 άρα
505 4173 637 4237 κάκεῖνοι
659 4170 861 4253 ταλακάρδιοι,
884 4171 915 4233 οῖ
933 4194 1008 4233 ποτε
1031 4165 1145 4245 Μήδων

387 4277 494 4340 παισὶν
516 4274 562 4341 ἐπ’
584 4276 694 4353 Ἠϊόνι,
717 4275 887 4357 Στρυμόνος
910 4269 987 4353 ἀμφὶ
1008 4271 1091 4354 ῥοάς,

345 4381 435 4458 λιμόν
456 4376 482 4442 τ’
505 4379 619 4445 αἴθωνα
639 4379 760 4462 κρυερόν
783 4375 807 4441 τ’
832 4376 996 4459 ἐπάγοντες
1017 4374 1117 4456 Ἀρηα

386 4488 499 4565 πρῶτοι
521 4481 692 4563 δυσμενέων
712 4482 798 4565 εὖρον
821 4482 999 4564 ἀμηχανίην.
