3000 5046
235 358 277 437 84
450 362 680 421 EXTERNAL
707 361 902 421 HISTORY
924 361 980 419 OF
1000 361 1180 428 ATHENS,
1251 371 1382 437 [cnm.

235 558 288 623 οὖν
304 558 383 645 αύτῷ
407 557 465 639 πρὸ
489 563 540 622 τοῦ
560 562 725 644 κατασχεῖν
748 560 863 623 ἐκεῖνον
885 558 940 638 την
965 558 1062 642 ἀρχὴν
1087 564 1213 623 σκοπεῖν
1235 559 1316 623 ὅπως
1339 555 1380 637 μὴ

235 662 385 749 δουλεύσῃ
402 661 450 727 διὸ
465 663 620 746 ῥᾳθυμίαν,
637 664 719 726 ἀλλὰ
734 663 907 750 βασιλεύσῃ
922 669 975 726 τὸν
990 662 1087 743 φονία
1101 667 1151 726 τοῦ
1166 660 1277 742 πατρὸς
1291 685 1380 740 raper-

233 765 413 847 ρηιτύμενος·
437 768 641 849 ἐπηγγείλατο
666 765 692 830 δ’
717 765 795 852 αύτῷ
819 765 981 847 συνεργούς
1003 764 1185 847 παρέξεσθαι
1206 763 1274 832 τοὺς
1296 768 1381 844 δορυ·

233 871 346 951 φόρους
362 874 413 933 τοῦ
428 869 592 949 βασιλέως.
637 866 684 958 (5)
706 871 883 937 πεισθέντος
899 872 931 934 di
945 874 997 933 τοῦ
1012 867 1208 951 Ἀρταξέρξου
1223 866 1271 932 καὶ
1287 892 1381 948 παρα·

234 976 336 1057 χρῆμα
358 976 433 1052 μετὰ
457 980 516 1038 τῶν
539 976 714 1057 δορυφόρων
737 975 898 1040 ἀνελόντος
918 980 971 1038 τὸν
992 975 1126 1055 ἀδελφὸν
1149 976 1287 1055 Δαρεῖον,
1304 973 1381 1052 ὀρῶν

232 1078 312 1163 ειύτφ
337 1076 390 1158 την
414 1077 564 1160 ίπιβαλην
589 1077 763 1159 εύροοΰσαν,
780 1075 827 1142 καί
847 1079 1034 1159 παραλαβὼν
1048 1077 1115 1144 τοὺς
1130 1079 1222 1144 ίδίονς
1235 1074 1316 1142 υἱοὺς
1331 1072 1381 1138 καί

233 1178 337 1261 φήσας
361 1186 464 1261 καιρὸν
487 1182 570 1265 έχειν
590 1181 645 1260 τὴν
667 1182 834 1261 βασιλείαν
856 1180 1109 1260 κατακτήσασθαι,
1132 1181 1212 1245 παίει
1234 1181 1274 1264 τῷ
1296 1177 1381 1261 ξίφει

232 1290 284 1347 τὸν
310 1282 519 1367 Ιλρταξέρξηιι
565 1286 582 1348 d
606 1289 639 1350 δὲ
663 1283 786 1367 τρωθείς
809 1283 857 1349 καὶ
880 1286 965 1349 οὐδὲν
986 1285 1091 1348 παθὸν
1111 1285 1169 1347 ὑπὸ
1190 1285 1240 1359 τῆς
1261 1285 1381 1365 πληγῆς

235 1386 365 1468 ἠμύνατο
381 1388 433 1453 τὸν
448 1384 639 1469 ’λμτείβσνον
655 1386 702 1452 καί
726 1387 904 1471 κατενέγκας
926 1389 1015 1453 αύτοῦ
1035 1387 1155 1470 πληγὴν
1176 1387 1292 1468 καιρίαν
1307 1383 1380 1450 ἇπέ-

234 1514 337 1557 κιεινε.
385 1490 561 1573 παραδόξως
592 1493 624 1555 δέ
655 1489 763 1558 σωθείς
791 1490 1025 1574 ὀἈρταξέρξης
1050 1489 1097 1554 καί
1121 1491 1174 1555 τὸν
1203 1489 1299 1570 φονέα
1327 1494 1380 1552 τοῦ

232 1592 343 1675 πατρὸε
380 1593 615 1675 τετιμωρημένος
656 1595 814 1676 παρέλαβε
851 1595 906 1675 τὴν
946 1600 1005 1658 τῶν
1042 1598 1169 1675 Περσῶν
1205 1592 1380 1673 βασιλείαν.

233 1694 347 1776 Ιίρξηι
363 1698 419 1777 μίν
442 1698 495 1761 οὖν
517 1703 570 1763 τὸν
593 1699 748 1779 είρημένον
769 1700 881 1780 τρόπον
904 1698 1091 1775 ἐτελεύτησε,
1105 1697 1296 1778 βασιλεύσας
1318 1699 1379 1759 τῦν

234 1802 362 1878 ΙΙεραίύι·
383 1800 433 1877 ίτη
456 1802 550 1865 πλείω
572 1808 631 1865 τῶν
652 1802 758 1876 είκοσι,
773 1803 828 1881 τὴν
848 1806 881 1867 δὲ
901 1803 997 1887 ἀρχὴν
1017 1800 1225 1882 διαδεξόμενος
1241 1801 1258 1862 ὁ
1272 1798 1379 1881 Ἀρπα-

233 1900 339 1979 ξίρξηε
356 1902 561 1980 ίγίασίλενσει·
578 1904 629 1983 ίτη
646 1903 873 1983 τετταράκοντα.

280 2000 362 2069 l'lrrt.
383 2000 489 2071 l'lrrrrr.
507 2024 558 2091 531.
606 2006 666 2070 See
684 2006 791 2072 below
807 2016 868 2072 VI.
885 2019 939 2073 29.

277 2122 526 2191 ν..1ιικιίιι.ἰίἰ.
559 2146 591 2191 r:
626 2124 674 2213 (ι)
697 2128 837 2204 Xerxes,
861 2149 920 2193 rex
945 2125 1129 2204 Persarum,
1151 2132 1257 2192 terror
1279 2130 1379 2191 antea

230 2224 393 2305 pcrrtlrrur.
419 2225 504 2293 lullo
533 2231 567 2294 iu
593 2230 730 2295 (lruecia
756 2231 932 2296 infeliciter
957 2237 1051 2318 gesto
1081 2231 1181 2296 etiam
1207 2228 1275 2294 suis
1299 2250 1378 2295 con·

230 2328 371 2415 tnrrrptrrl
396 2354 464 2393 οκκο
488 2332 607 2419 inrepit.
653 2332 700 2419 (a)
723 2334 847 2420 quippe
869 2334 1068 2413 Artabanus,
1091 2334 1274 2419 praelectus
1296 2333 1378 2410 eius,

230 2427 403 2497 rlcllrlcutc
419 2434 539 2498 cotidie
557 2436 640 2521 rugia
658 2436 830 2502 maiestate
846 2438 882 2501 in
903 2459 995 2522 spem
1015 2437 1108 2525 regni
1125 2437 1287 2502 adductus
1302 2457 1378 2502 cum

229 2541 354 2619 ruptura
391 2535 628 2603 rulnralirudruirr
660 2539 736 2606 liliis
767 2542 889 2627 regiam
917 2563 1051 2627 vespere
1076 2541 1260 2628 ingreditur
1287 2537 1378 2626 (nam

230 2634 400 2702 arrrlultlcc
427 2638 497 2703 lura
520 2664 646 2729 scarpi-r
673 2643 722 2707 illi
751 2645 908 2733 patebat).
937 2645 1170 2731 trucidathue
1197 2666 1272 2730 rege
1298 2650 1378 2710 voto

229 2760 288 2802 κιιιι
312 2740 510 2807 olrairrlcrrtrrr
536 2745 621 2810 lllica
649 2747 719 2810 cius
747 2748 823 2813 dolo
849 2749 1050 2835 adgreditur.
1094 2746 1141 2836 (3)
1164 2749 1316 2815 Securior
1337 2748 1378 2814 de

232 2842 424 2915 Λιιτικιϊκει,
454 2868 553 2933 puero
580 2850 769 2923 rulrrrurlurn.
793 2853 890 2937 lingit
912 2874 1021 2938 regem
1048 2875 1069 2917 a
1092 2853 1206 2927 Dareo,
1229 2854 1379 2939 quierat

228 2944 430 3019 urlrrlruururrr.
455 2971 519 3035 ηιιιι
544 2954 705 3019 rrurturius
728 2976 829 3040 urguo
856 2956 1030 3041 potiretur,
1053 2956 1215 3034 occisum;
1246 2955 1379 3042 inpellit

232 3050 438 3115 urrunnun
457 3052 670 3137 pruricirlirrru
684 3057 862 3142 parricidio
874 3059 1053 3124 vindicare.
1091 3057 1138 3146 (4)
1153 3080 1228 3124 curn
1240 3066 1377 3124 ventum

228 3152 269 3217 rul
296 3150 428 3218 rloruuru
461 3155 557 3221 llurci
589 3172 686 3236 canu,
712 3161 877 3226 dormiens
909 3165 1076 3242 inventus,
1102 3165 1196 3250 quasi
1225 3185 1377 3229 somnum

228 3255 372 3336 tlrrpcrnt.
391 3258 594 3327 interdicitur.
640 3262 689 3347 (5)
712 3264 786 3329 dein
803 3287 878 3331 curn
894 3288 998 3331 unum
1013 3288 1053 3331 ex
1071 3269 1156 3354 regis
1170 3268 1247 3332 filiis
1262 3267 1377 3334 sceleri

227 3379 287 3421 erro
309 3380 476 3445 κιιμιϊοκκο
506 3365 694 3431 :irtuluurus
720 3368 847 3433 rideret
872 3377 1096 3456 metueretque
1122 3370 1163 3436 de
1185 3392 1287 3456 regno
1308 3392 1376 3437 cer-

229 3461 356 3527 tamina
373 3464 571 3551 principum.
588 3468 735 3536 adsumit
751 3471 785 3535 in
802 3472 994 3538 societatem
1010 3475 1137 3540 consilii
1151 3474 1376 3560 Bagabaxum,

227 3564 274 3649 (t)
297 3566 353 3651 qui
381 3570 546 3653 μιτιεικοιιιί
571 3580 660 3636 stratu
683 3582 870 3651 curuerrtus,
890 3598 959 3640 ram
982 3579 1095 3663 prodit
1118 3579 1315 3643 Artaxerxi:
1338 3586 1377 3644 ut

226 3676 321 3753 putor
348 3670 419 3735 nius
447 3672 574 3738 occisus
599 3675 652 3743 ait,
683 3684 721 3741 ut
751 3678 854 3743 frater
881 3677 965 3744 falsa
994 3681 1161 3766 parricidii
1192 3682 1376 3767 suspitione

226 3779 471 3856 approbarant
493 3775 636 3863 dariique
660 3778 722 3865 ipsi
745 3791 944 3866 pararentur
965 3783 1115 3848 insidiae.
1161 3783 1208 3872 (7)
1231 3785 1282 3850 bis
1302 3807 1377 3872 cog-

226 3873 307 3937 nitis
347 3874 560 3951 Artaxerxes.
596 3902 714 3945 verens
749 3884 910 3949 Artabani
948 3908 1121 3951 nnmerum
1157 3889 1309 3963 filiorum,
1342 3889 1377 3953 in

227 3982 392 4061 pust-rura
425 3977 513 4043 diam
552 3991 706 4066 paratum
745 4008 813 4051 esso
850 3998 1016 4053 arrnatum
1053 3993 1236 4056 exercitum
1273 3993 1376 4069 iubet,

227 4078 458 4163 rcrogrriturus
485 4090 518 4147 ct
542 4106 717 4153 uulnerum
746 4088 900 4165 militurn,
926 4099 960 4156 ct
984 4093 1020 4156 in
1047 4095 1147 4159 armis
1178 4095 1375 4161 industriam

226 4178 444 4265 singulorum.
489 4184 537 4273 (8)
572 4187 685 4275 itaque
714 4213 789 4257 curn
817 4194 904 4258 inter
934 4203 1056 4261 ceteros
1088 4198 1156 4282 ipse
1186 4199 1376 4264 Artabanus

222 4288 372 4351 umatus
388 4286 575 4369 adsisteret,
589 4312 647 4356 rex
670 4294 862 4361 simulatae
884 4297 1069 4364 breviorem
1091 4301 1224 4367 loricam
1245 4302 1376 4382 habere,

222 4380 319 4453 iubat
331 4386 542 4457 Artabanum
558 4415 669 4460 secum
685 4408 898 4477 commutare,
914 4410 1091 4467 exuentem
1107 4426 1141 4470 ae
1156 4428 1195 4470 ac
1210 4406 1374 4472 nudatum

334 4489 481 4573 ιληίοἰύς
502 4499 575 4561 tum
596 4504 630 4564 et
648 4499 735 4567 lilios
755 4501 825 4567 eius
846 4504 967 4590 corripi
987 4505 1091 4572 iubet.
1138 4506 1185 4595 (9)
1208 4516 1308 4596 atque
1324 4510 1374 4576 ita
