3000 5046
566 1064 838 1140 OHAPTER
886 1065 956 1141 VI.

603 1289 911 1342 BlOGRAPHICAL.

660 1630 857 1688 Pausanias.

517 1776 556 1839 Η
557 1776 584 1840 ῖς
608 1774 790 1861 Τιόαοάονγ
811 1776 885 1840 and
909 1776 999 1840 End.

572 1930 715 1996 General
736 1929 947 1998 Νοινοίίυος.
972 2004 976 2011 ,

226 2095 251 2148 1.
277 2083 379 2148 Thuc.
396 2084 417 2148 i.
437 2082 595 2169 128-134.
642 2083 691 2148 Cf.
709 2084 791 2150 Hdt.
807 2108 839 2149 v.
856 2105 907 2171 32.

227 2215 258 2268 2.
283 2204 381 2271 Diod.
397 2204 443 2269 xi.
459 2224 512 2284 44.
530 2225 568 2290 3:
592 2204 733 2271 Πολλοὺς
749 2205 776 2270 δ’
792 2210 824 2271 έν
839 2207 913 2295 οὔτε)
929 2204 1011 2292 (scil.
1025 2205 1190 2293 Βυζαντίῳ)
1202 2212 1332 2288 Περσῶν

182 2307 362 2392 ἀξιολόγους
386 2309 540 2393 ζωγρήσας
565 2308 673 2389 ἀνδρας
697 2309 869 2390 παρέδωκεν
892 2315 934 2379 είς
959 2313 1098 2394 φυλακὴν
1122 2312 1266 2397 Γογγύλῳ
1290 2313 1333 2398 τῳ

180 2411 339 2494 Ἐρετριεῖ,
355 2413 395 2499 τῷ
405 2422 461 2495 μὲν
476 2414 559 2498 λόγῳ
578 2414 650 2495 πρὸς
672 2414 815 2495 τιμωρίαν
836 2414 1006 2494 τηρήσοντι,
1021 2418 1062 2500 τῷ
1084 2416 1108 2479 δ’
1125 2416 1202 2500 έργῳ
1218 2415 1332 2479 διασό-

182 2542 270 2582 σοντι
285 2523 358 2597 πρὸς
375 2515 503 2600 Ξέρξην·
529 2518 718 2582 σννετέθειτο
734 2520 791 2600 γάρ
807 2516 844 2582 δι’
861 2517 1036 2600 ἀπορρήτων
1056 2520 1165 2600 φιλίαν
1187 2523 1259 2600 πρὸς
1279 2524 1332 2585 τὸν

181 2620 323 2700 βασιλέα,
342 2621 389 2685 καί
412 2620 466 2700 τὴν
490 2621 634 2703 θυγατέρα
656 2627 709 2685 τοῦ
733 2620 850 2700 Ξέρξου
871 2627 978 2704 γαμεῖν
1001 2623 1138 2701 ἔμελλεν,
1158 2624 1208 2686 ἵνα
1231 2621 1334 2707 προδῳῖ

181 2722 424 2803 τοάςἝλληνος.
470 2723 516 2812 (4)
539 2722 576 2801 ἦν
594 2725 619 2788 δ’
637 2726 654 2787 ἀ
669 2729 762 2788 τοῦτο
783 2725 985 2805 πραττόμενος
999 2722 1185 2805 Ἀρτάβαζος
1202 2751 1331 2805 στρατη-

181 2828 243 2907 γός,
259 2826 309 2892 καί
323 2828 485 2911 χρημάτων
501 2831 616 2906 πλῆθος
633 2825 773 2911 ἐχορήγει
788 2827 886 2913 λάθρᾳ
901 2831 943 2914 τῳ
960 2830 1122 2913 Παυσανίᾳ
1137 2833 1208 2909 πρὸς
1231 2829 1266 2892 τὸ
1281 2829 1331 2893 διὰ

181 2930 295 2995 τούτων
313 2933 449 3013 φθείρειν
463 2931 531 2996 τοὺς
548 2930 685 2996 εὐθέτους
701 2938 761 2995 τῶν
772 2928 940 3009 Ἑλλήνων.
978 2930 1096 3015 έγένετο
1108 2934 1140 2996 δὲ
1156 2930 1331 3012 καταφανὴς

182 3031 231 3098 καὶ
254 3037 394 3117 τιμωρίας
418 3035 507 3119 ἔτυχε
530 3035 638 3120 τοιῷδέ
658 3061 717 3099 τινι
737 3035 838 3119 τρόπῳ
855 3032 921 3120 (see
936 3043 965 3098 1.
981 3032 1041 3119 19).
1066 3082 1074 3110 .,
1100 3083 1107 3097 .
1131 3081 1139 3098 .
1161 3032 1209 3121 (6)
1233 3035 1277 3098 έτι
1298 3039 1331 3098 δὲ

180 3141 301 3218 μᾶλλον
316 3136 487 3220 συνήργησε
509 3133 557 3201 καὶ
577 3137 613 3201 τὸ
635 3137 802 3217 αὐτόματον
818 3143 878 3202 τοῖς
894 3137 1066 3217 Ἀθηναίοις
1082 3136 1132 3202 ἀιά
1146 3137 1253 3202 ταύτας
1277 3137 1331 3203 τάς

180 3242 287 3306 οίτίας.
332 3237 402 3327 (45)
417 3241 593 3305 Παυσανίας
609 3239 646 3320 ήν
661 3241 889 3320 συντεθειμένος
905 3243 985 3305 ὥστε
1006 3240 1075 3305 τοὺς
1095 3239 1147 3306 τὰς
1164 3240 1330 3305 έπιστολάς

180 3342 249 3425 παρ’
278 3344 367 3409 αὐτοῦ
398 3345 572 3424 κομίζοντος
601 3344 676 3425 πρὸς
707 3344 759 3409 τάν
785 3343 922 3425 βασιλέα
950 3344 991 3422 μή
1021 3343 1225 3425 ἀνακάμπτειν
1255 3345 1330 3422 μηδὲ

179 3450 318 3529 γίνεσθαι
332 3448 463 3526 μηνυτὰς
485 3455 546 3512 τῶν
568 3445 752 3529 ἀπορρήτων·
777 3443 815 3511 δι’
829 3444 867 3524 ήν
882 3448 982 3511 αἰτίαν
998 3445 1218 3527 ἀναιρουμένων
1233 3446 1331 3511 οάτῶν

179 3552 237 3616 ἀπὸ
262 3557 323 3615 τῶν
346 3553 630 3633 ἀπολαμβανόντων
654 3549 708 3616 τὰς
729 3548 896 3615 έπιστολάς
913 3548 1075 3627 συνέβαινε
1089 3549 1204 3630 μηδένα
1219 3551 1329 3614 διασύ-

181 3656 294 3733 ζεσθαι.
339 3651 387 3743 (ν)
408 3657 479 3735 ἀάή
496 3652 760 3738 συλλογισάμενός
776 3677 821 3717 τις
837 3660 897 3718 τῶν
912 3655 1132 3734 βιβλιαφόρων
1148 3651 1260 3738 ἀνέῳξε
1275 3653 1329 3719 τὰς

180 3760 355 3834 ἐπιστολάς,
372 3761 419 3823 καὶ
435 3758 524 3842 γνοὺς
540 3759 649 3836 ἀληθές
665 3755 701 3822 όν
718 3757 753 3821 τὸ
764 3753 832 3836 περὶ
844 3756 899 3835 τήν
910 3757 1065 3837 ἀναίρεσιν
1078 3763 1137 3821 τῶν
1147 3756 1330 3835 κομιζόντων

180 3867 217 3927 τά
233 3863 402 3945 γράμματα,
419 3862 548 3927 ἀνέδωκε
565 3867 628 3929 τοῖς
651 3862 776 3944 έφόροις
796 3859 848 3926 τάς
873 3859 1045 3926 έπιστολός.
1089 3857 1137 3946 (3)
1161 3859 1273 3924 τούτων
1296 3863 1330 3925 δὲ

180 3966 388 4031 ἀπιστούντων
403 3971 452 4030 ἀιά
467 3971 502 4030 τὸ
523 3964 708 4051 ἀνεῳγμένος
732 3966 832 4032 αὐτοῖς
854 3968 908 4032 τάς
931 3965 1097 4031 έπιστολάς
1121 3962 1330 4044 ἀναδεδόσθαι,

179 4067 228 4133 καὶ
250 4071 355 4136 πίστιν
378 4069 481 4151 ἑτέραν
502 4072 707 4154 βεβαιοτέραν
727 4070 902 4149 ζητούντων,
920 4067 1121 4151 ἐπηγγείλατο
1137 4067 1330 4148 παραδώσειν

179 4175 269 4238 αάτὸν
286 4175 501 4257 ὁμολογοῦντα.
538 4172 586 4258 (4)
602 4169 755 4254 πορευθείς
765 4172 818 4235 οὖν
834 4170 882 4238 ἐπὶ
896 4172 1048 4254 Ταίναρον
1065 4168 1112 4236 καί
1132 4170 1328 4250 καθεζόμενος

178 4275 228 4342 έπὶ
244 4279 287 4363 τῷ
308 4283 361 4341 τοῦ
384 4281 575 4343 Ποσειδῶνος
600 4277 669 4361 ίερῷ
691 4278 804 4353 διπλῆν
826 4276 942 4355 σκηνήν
964 4275 1174 4358 περιεβάλετο,
1190 4276 1239 4338 καὶ
1260 4273 1328 4340 τοὺς

177 4384 232 4460 μὲν
258 4381 386 4462 ἐφόρους
413 4376 460 4444 καί
485 4385 545 4445 τῶν
568 4379 674 4444 ἀλλων
698 4383 897 4461 Σπαρτιατῶν
919 4403 1003 4445 τινος
1025 4377 1203 4461 κατέκρυψε,
1218 4381 1272 4442 τοῦ
1295 4377 1328 4440 δὲ

179 4486 355 4550 Παυσανίου
371 4484 613 4566 παραγενομένου
634 4481 711 4564 πράς
730 4480 822 4546 αὐτὸν
846 4478 898 4549 καὶ
916 4504 976 4536 ¹¹¹¹·
1112 4504 1139 4520 “·
1157 4480 1214 4520 ·““···
1228 4479 1328 4545 αἰτίαν
