3000 5046
156 364 299 430 mm]
561 356 892 416 ΒιοσπΑΡΗιιΑι.
1250 374 1309 435 277

158 552 259 616 είκόνα
276 553 414 630 ἐποίησε.
460 554 613 634 Περικλῆς
634 557 666 618 δὲ
685 550 736 617 έπδ
753 558 817 619 τοῖς
839 553 1018 632 ἀναλώμασι
1038 551 1162 638 ταχθείς
1182 555 1310 637 ἔνοσφί·
1411 634 1414 640 .

158 680 234 718 σατο
264 654 449 735 πεντήκοντα
479 653 623 734 τάλαντα,
648 654 697 720 καί
725 657 775 722 ἵνα
804 656 845 739 μῆ
872 654 912 742 δῷ
935 660 989 724 τὰς
1015 659 1147 736 εὐθύνας,
1174 660 1310 740 πόλεμον

158 759 287 838 έκίνησε.

448 978 587 1064 δἀοιίίγ
609 977 787 1046 Βοδαδόοιικς
808 979 847 1066 of
864 979 1023 1047 Ροιόίιίοο.

431 1115 500 1182 His
521 1114 697 1201 Μαουόαρο
718 1117 792 1182 and
813 1117 960 1196 Divom,
982 1116 1036 1182 άο.

202 1254 286 1320 ΡΙιιί.
303 1253 377 1319 Ροτ.
391 1271 443 1332 24.
489 1252 551 1318 See
567 1251 674 1319 below
689 1264 756 1320 141.

605 1499 672 1566 His
694 1498 866 1566 Οδόίόοοιι.

201 1649 273 1705 129.
297 1637 380 1704 Plat.
406 1637 544 1723 Ρνοίαρ.
565 1658 630 1723 314
645 1638 693 1703 E:
726 1637 818 1719 Ἑξῆς
839 1636 866 1703 δ’
889 1636 969 1723 αθτηῖ
994 1627 1252 1721 σνμπεριεπάτουν
1274 1642 1308 1706 έκ

157 1746 212 1821 μὲν
234 1747 286 1808 τοῦ
309 1740 358 1808 ἐπὶ
381 1740 491 1824 θάτερα
513 1743 652 1830 Καλλίας
674 1744 691 1806 6
712 1740 885 1807 Ἱππονίκου
908 1739 956 1805 καὶ
979 1743 996 1805 6
1018 1742 1151 1824 άδελφδς
1174 1742 1265 1806 αιἰτοῢ
1291 1745 1308 1807 6

159 1845 347 1928 ὁμομήτριος,
359 1845 504 1928 Πάραλος
519 1843 610 1932 (315)
623 1848 640 1910 6
652 1845 843 1929 Περικλέους,
859 1847 908 1910 καὶ
923 1848 1075 1926 Χαρμίδης
1092 1847 1109 1910 6
1121 1847 1307 1924 Γλαύκωνος,

158 1953 191 2014 έκ
206 1954 238 2014 δὲ
255 1955 308 2013 τοῦ
323 1948 373 2015 ἐπὶ
389 1950 499 2032 θάτερα
514 1951 531 2013 6
546 1951 645 2032 ἕτερος
660 1956 722 2014 τῶν
737 1948 922 2031 Περικλέους
937 1948 1116 2016 Ξάνθιππος
1132 1956 1218 2013 κ.τ.λ.

200 2080 273 2135 130.
296 2068 382 2133 Plut.
405 2067 482 2133 Per.
505 2070 568 2154 36:
599 2067 637 2134 Ὁ
663 2069 722 2152 γὰρ
744 2068 953 2151 πρεσβύτατος
978 2068 1068 2132 αὐτοῦ
1089 2074 1150 2134 τῶν
1172 2069 1308 2152 γνησίων

156 2175 229 2237 υίῶν
249 2175 425 2239 Ξάνθιππος
445 2173 539 2253 φύσει
559 2198 592 2237 τε
612 2173 780 2255 δαπανηρὸς
803 2171 846 2236 δν
869 2169 918 2236 καί
936 2169 1053 2255 γυναικί
1073 2171 1126 2258 νέᾳ
1146 2168 1195 2236 καὶ
1210 2179 1306 2237 πολυ-

157 2281 241 2342 τελεῖ
255 2284 412 2355 συνοικῶν,
429 2274 599 2358 Τισάνδρου
615 2273 736 2359 θυγατρί
753 2281 806 2341 τοῦ
820 2276 985 2341 Ἐπιλύκου
1000 2282 1085 2340 κ.τ.λ.

469 2503 667 2569 Εθωοαίιοιυ
687 2503 727 2590 of
744 2502 798 2570 hie
819 2503 992 2570 θίιόθθναιι.

200 2654 266 2708 131.
290 2640 375 2707 Plat.
390 2640 491 2707 Meno
508 2662 551 2725 94
566 2644 617 2706 A:
642 2645 877 2706 ΣΩΚΡΑΤΗΣ.
902 2645 939 2707 Et
955 2646 988 2708 δὲ
1003 2642 1124 2722 βοόλει,
1142 2643 1307 2724 Περικλέα,

158 2752 233 2814 οὕτω
271 2752 506 2831 μεγαλοπρεπῶς
545 2745 644 2828 σοφὸν
678 2746 781 2828 ἄνδρα,
815 2743 894 2809 οἶσθ’
923 2748 970 2811 ὅτι
998 2747 1051 2810 δύο
1080 2748 1154 2812 υἱεῖς
1184 2747 1306 2830 ἔθρεψε,

158 2853 304 2934 Πάραλον
319 2848 368 2915 καί
383 2850 581 2928 Ξάνθιππον;
602 2853 780 2915 ΑΝΥΤΟΣ.
800 2847 930 2932 Ἔγωγε.
968 2853 1034 2912 ΣΩ.
1049 2849 1181 2916 Τοότους
1194 2851 1306 2929 μέντοι,

158 2958 196 3022 ὡς
212 2956 302 3019 οἶσθα
318 2952 366 3017 καὶ
383 2954 432 3032 σό,
449 2952 559 3020 ίππέας
571 2956 627 3035 μὲν
643 2952 777 3034 ἐδίδαξεν
792 2954 913 3020 οὐδενὸς
929 2955 1050 3037 χείρους
1063 2951 1241 3033 Ἀθηναίων,
1258 2950 1306 3018 καὶ

155 3059 302 3139 μουσικῆν
329 3056 377 3122 καί
403 3058 533 3139 ἀγωνίαν
560 3055 608 3121 καὶ
633 3058 734 3121 τᾶλλα
757 3058 944 3135 ἐπαίδευσεν,
972 3058 1033 3121 ὅσα
1061 3055 1169 3141 τέχνης
1192 3056 1306 3141 ἔχεται,

156 3164 275 3228 οὐδενδς
299 3162 426 3246 χείρους·
464 3161 593 3243 ἀγαθοὺς
618 3163 651 3227 δὲ
677 3160 734 3242 άρα
764 3161 871 3244 ἄνδρας
902 3160 957 3225 οθκ
983 3160 1131 3240 ἐβούλετο
1153 3162 1281 3241 ποιῆσαι
1292 3185 1305 3236 ,·

156 3270 233 3330 δοκῶ
248 3268 314 3345 μέν,
328 3263 485 3346 ἐβούλετο,
501 3264 583 3327 δλλδ
596 3263 637 3344 μῆ
653 3264 705 3329 οθκ
720 3262 740 3351 ᾗ
757 3265 905 3330 διδακτόν.

254 3492 321 3558 His
342 3490 485 3576 adopted
507 3490 680 3557 θίιίίάνοιι.
725 3489 923 3557 Alkibwdoe
942 3491 1016 3556 σκιά
1037 3489 1208 3558 Κδοίτιίαο.

199 3640 269 3695 1³2.
292 3628 380 3694 Plut.
397 3627 469 3693 Αίο.
489 3648 524 3693 1:
555 3632 601 3692 Τδ
615 3628 814 3709 Ἀλκιβιάδου
828 3628 916 3711 γένος
931 3627 1046 3694 άνωθεν
1061 3626 1239 3709 Εὐρυσάκην
1252 3629 1306 3695 τὸν

156 3738 283 3801 Αίαντος
306 3736 441 3817 άρχηγδν
463 3732 547 3816 ἔχειν
570 3736 662 3810 δοκεῖ,
677 3732 752 3813 πρδς
773 3735 806 3797 δὲ
827 3731 938 3814 μητρδς
957 3728 1194 3812 Ἀλκμαιωνίδης
1215 3730 1252 3812 ῆν
1272 3733 1305 3796 έκ

156 3840 347 3922 Δεινομάχης
367 3838 500 3921 γεγονὸς
523 3841 575 3916 τῆς
592 3836 797 3918 Μεγακλέους.
842 3838 859 3900 6
881 3840 915 3901 δὲ
938 3835 1036 3918 πατὴρ
1057 3834 1148 3899 οδτοῦ
1163 3835 1305 3904 Κλεινίας

155 3944 315 4029 ἰδιοστόλῳ
344 3941 456 4024 τριήρει
479 3938 547 4023 περὶ
567 3938 761 4024 Ἀρτεμίσιον
787 3938 913 4020 ένδόξως
937 3937 1156 4024 ἐναυμάχησεν,
1177 3940 1305 4022 ὕστερον

154 4045 188 4110 δὲ
212 4051 354 4113 Βοιωτοῖς
383 4047 554 4130 μαχόμενος
583 4042 652 4127 περὶ
678 4045 851 4128 Κορόνειαν
874 4046 1013 4111 ἀπέθανε.
1057 4048 1119 4109 Τοῦ
1142 4044 1176 4107 δὲ
1198 4043 1304 4107 Ἀλκι·

154 4149 264 4229 βιάδου
289 4153 440 4231 Περικλῆς
466 4147 515 4213 καὶ
540 4147 693 4231 Ἀρίφρων
718 4149 748 4213 οί
776 4148 965 4226 Ξανθίππου,
994 4145 1198 4229 προσήκοντες
1228 4145 1305 4212 κατὰ

154 4250 247 4334 γένος,
262 4253 470 4334 ἐπετρόπευον.

198 4381 268 4436 133.
296 4369 393 4436 Com.
419 4370 504 4456 Nep.
532 4371 604 4437 Alo.
633 4390 671 4438 αι
712 4370 882 4437 Educatus
912 4379 964 4437 est
992 4369 1030 4434 in
1057 4371 1156 4437 domo
1184 4367 1305 4436 Pericli

155 4474 341 4563 (privignus
376 4473 465 4540 enim
498 4475 569 4542 eius
606 4475 710 4542 fuisse
744 4475 889 4564 dieitur),
923 4473 1073 4542 eruditus
1104 4496 1126 4542 a
1157 4471 1303 4541 Soanta.
