3000 5046
204 365 265 427 300
449 348 619 409 SPARTA
647 349 739 407 ΛΝΒ
764 350 1110 409 PELOPONNESOS.
1218 360 1358 424 [cnm

206 543 391 611 ἀπελθόντες
420 544 476 623 ήδη
505 549 567 611 τοῖς
592 545 792 622 λακωνίζουσι
822 551 959 626 φανερῶς
989 544 1203 628 ἐχαλέπαινον,
1231 541 1280 607 καὶ
1305 548 1360 606 τὸν

207 649 330 727 Κίμωνα
359 653 465 729 μικρᾶς
499 649 719 732 ἐπιλαβόμενοι
751 649 934 730 προφάσεως
968 649 1195 729 ἐξωστράκισαν
1225 649 1269 715 είς
1305 647 1359 717 lm

206 750 287 816 δέκα
318 758 464 819 τοσοῦτον
488 755 546 836 γάρ
570 752 607 833 ήν
632 754 744 837 χρόνον
769 754 949 836 τεταγμένον
975 754 1071 818 άπασι
1095 759 1160 820 τοῖς
1182 751 1360 834 ἐξοστρακι-

208 855 350 938 copim.

252 1021 307 1074 66.
328 1009 422 1075 Paus.
452 1011 498 1075 iv.
528 1030 577 1090 24.
605 1025 645 1094 5:
686 1013 872 1091 Μεσσηνίων
904 1013 938 1077 δὲ
971 1013 1040 1080 τοὺς
1073 1009 1361 1095 ἐγκαταληφθέντας

207 1117 242 1181 ἐν
263 1111 299 1202 τῇ
320 1112 368 1204 γῇ,
390 1120 608 1182 συντελοῦντας
631 1119 704 1180 κατδ
730 1117 863 1198 ἀνάγκην
886 1119 918 1184 ἐς
943 1116 1012 1184 τοὺς
1036 1119 1183 1188 Εἵλωτας,
1205 1114 1362 1194 ἐπέλαβεν

209 1219 269 1283 ἀπδ
289 1219 532 1301 Λακεδαιμονίων
551 1221 679 1303 ὕστερον
700 1221 869 1300 ἀποστῆναι
889 1224 964 1284 κατὰ
985 1221 1039 1300 τήν
1060 1221 1171 1299 ἐνάτην,
1189 1216 1363 1298 ὀλυμπιάδα

210 1320 259 1387 καὶ
297 1323 533 1404 ἑβδομηκοστήν,
566 1322 608 1403 ήν
645 1326 802 1406 Κορίνθιος
842 1326 924 1389 ἐνίκα
963 1327 1122 1406 Ξενοφῶν,
1159 1320 1362 1408 Ἀρχιμήδους

207 1424 433 1511 (Ἀρχιδημίδου
459 1425 606 1502 Palmer,¹
632 1426 708 1514 etc.)
732 1426 898 1515 Ἀθήνῃσιν
928 1429 1083 1512 ἄρχοντος.
1120 1428 1299 1505 ἀπέστησαν
1329 1427 1363 1490 δέ

209 1530 311 1613 καιρδν
321 1532 437 1596 τοιόνδε
453 1533 597 1612 εὑρόντες.
628 1532 870 1611 Λακεδαιμονίων
885 1533 990 1614 άυδρες
1006 1534 1170 1598 ἀποθανεῖν
1185 1533 1233 1596 ἐπὶ
1249 1529 1362 1614 ἐγκλή-

208 1660 280 1715 ματι
309 1636 368 1720 ὅτῳ
393 1636 429 1716 δή
457 1636 719 1720 καταγνωσθέντες
746 1637 840 1702 ἱκέται
871 1637 1113 1720 καταφεύγουσιν
1142 1638 1173 1704 ἐς
1202 1637 1362 1712 Ταίναρον·

210 1741 350 1804 ἐντεῦθεν
375 1741 408 1804 δέ
433 1739 451 1819 ή
479 1739 557 1823 ἀρχή
584 1747 644 1805 τῶν
668 1741 787 1822 ἐφόρων
811 1740 871 1805 ἀπὸ
901 1747 954 1804 τοῦ
980 1746 1087 1821 βωμοῦ
1110 1744 1195 1823 σφῦς
1221 1737 1362 1804 ἀποσπά·

209 1869 295 1906 σασα
310 1843 475 1910 ἀπέκτεινε.
521 1841 569 1931 (ό)
592 1845 793 1926 Σπαρτιάταις
817 1848 848 1909 δέ
871 1847 903 1910 ἐν
924 1845 1022 1909 οὑδενὶ
1036 1848 1120 1930 λόγῳ
1137 1843 1272 1924 θεμένοις
1291 1843 1362 1910 τοὺς

211 1945 310 2012 ίκέτας
329 1946 503 2028 ἀπήντησεν
519 1951 551 2013 ἐκ
568 1953 762 2015 Ποσειδῶνος
779 1948 903 2031 μήνιμα,
920 1948 970 2012 καί
987 1956 1099 2030 σφισιν
1118 1951 1148 2014 ἐς
1172 1949 1284 2029 ἔδαφος
1306 1947 1364 2027 τήν

210 2050 303 2115 πόλιν
333 2055 436 2117 πᾶσαν
466 2051 637 2132 κατέβαλεν
667 2053 684 2114 ό
713 2052 791 2120 θεός.
836 2051 886 2117 ἐπί
910 2054 942 2117 δὲ
967 2050 1004 2140 τῇ
1029 2053 1173 2135 συμφορᾷ
1196 2051 1288 2136 ταύτῃ
1313 2049 1363 2115 καὶ

210 2158 271 2219 τῶν
298 2155 441 2218 Εἱλώτων
467 2155 536 2219 ὅσοι
566 2153 740 2234 Μεσσήνιοι
762 2160 797 2218 τό
829 2155 955 2239 ἀρχαῖον
981 2154 1070 2235 ἦσαν,
1099 2158 1130 2221 ἐς
1156 2154 1191 2218 τὸ
1215 2155 1284 2234 όρος
1306 2152 1364 2233 τήν

209 2255 340 2339 Ἰθιόμηυ
356 2258 541 2336 ἀπέστησαν.
588 2259 818 2338 Λακεδαιμόνιοι
840 2260 872 2323 δέ
895 2260 978 2323 ἀλλα
997 2285 1030 2324 τε
1047 2257 1271 2340 μετεπέμποντο
1287 2282 1363 2336 συμ-

209 2366 324 2443 μαχικὰ
340 2361 386 2426 ἐπ’
403 2362 507 2429 αὑτοὺς
524 2363 572 2426 καὶ
588 2363 712 2444 Κίμωνα
734 2368 787 2427 τόν
803 2362 974 2427 Μιλτιάδου
995 2360 1141 2446 πρόξενόν
1160 2369 1273 2443 σφισιν
1291 2363 1364 2425 ὄντα

213 2465 261 2528 καί
276 2464 446 2543 Ἀθηναίων
461 2465 594 2545 δύναμιν.
640 2464 840 2547 ἀφικομένους
855 2467 887 2531 δέ
902 2466 970 2532 τοὺς
984 2464 1161 2546 Ἀθηναίους
1175 2467 1364 2529 ὑποπτεῦσαι

212 2571 355 2632 δοκοῦσιν
370 2568 409 2634 ῶς
424 2567 502 2654 τάχα
514 2569 756 2651 νεωτερίσοντας,
769 2567 817 2633 καὶ
832 2571 890 2633 ὑπὸ
902 2573 954 2648 τῆς
968 2571 1104 2649 ὑποψίας
1119 2568 1364 2651 ἀποπέμψασθαι

211 2671 275 2752 μετ’
303 2671 337 2735 οὑ
364 2671 445 2736 πολὺ
473 2671 510 2751 ἐξ
534 2672 669 2753 Ἰθόμης.
713 2670 762 2759 (7)
791 2671 944 2751 Ἀθηναῖοι
975 2674 1008 2737 δὲ
1031 2674 1085 2752 τήν
1111 2674 1142 2740 ἐς
1174 2672 1279 2738 αὑτοὺς
1302 2677 1365 2737 τῶν

213 2777 455 2855 Λακεδαιμονίων
479 2777 625 2842 ὑπόνοιαν
648 2778 789 2844 συνέντες
811 2777 959 2860 Ἀργείοις
980 2803 1014 2842 τε
1035 2778 1123 2860 φίλοι
1144 2774 1182 2841 δι’
1204 2775 1275 2841 αὑτὸ
1296 2774 1364 2857 ἐγέ·

212 2905 311 2959 νοντο,
338 2881 388 2944 καὶ
412 2881 598 2957 Μεσσηνίων
620 2888 683 2949 τοῖς
705 2883 738 2947 ἐν
761 2882 870 2968 Ἰθόμῃ
893 2882 1159 2961 πολιορκουμένοις
1181 2883 1366 2945 ἐκπεσοῦσιν

212 2986 417 3051 ὑποσπόνδοις
447 2985 557 3049 έδοσαν
587 2986 780 3061 Ναύπακτον,
811 2985 997 3067 ἀφελόμενοι
1028 2985 1161 3066 Λοκροὺς
1192 2983 1261 3050 τοὺς
1290 2988 1366 3064 πρὸς
1471 3055 1475 3061 ,

214 3089 348 3172 Λίτωλίιρ
364 3087 564 3167 καλουμένους
578 3086 717 3167 Ὀζόλας.
762 3094 826 3156 τοῖς
847 3091 880 3154 δὲ
896 3090 1084 3168 Μεσσηνίοις
1100 3087 1255 3170 παρέσχεν
1270 3089 1366 3151 ἀπελ·

214 3197 279 3258 θεῖν
301 3193 337 3271 ἐξ
356 3190 480 3272 Ἰθόμης
503 3198 556 3256 τοῦ
577 3219 610 3256 τε
633 3194 745 3277 χωρίου
767 3199 802 3257 τὸ
825 3194 942 3277 ἐχυρόν,
965 3196 1014 3258 καὶ
1037 3193 1098 3274 άμα
1116 3192 1365 3272 Λακεδαιμονίοις

214 3301 357 3380 προεῖπεν
377 3296 395 3376 ἡ
418 3298 519 3361 Πυθία
536 3295 555 3376 ή
574 3297 634 3376 μὴν
657 3297 737 3362 εἶναί
749 3306 842 3377 σφισι
865 3298 949 3376 δίκην
971 3299 1155 3377 ἁμαρτοῦσιν
1170 3297 1200 3362 ἐς
1220 3300 1273 3359 τοῦ
1290 3295 1366 3360 Διὸς

213 3407 267 3465 τοῦ
280 3398 428 3482 ’ίθωμάτα
446 3400 499 3465 τὸν
520 3401 629 3479 ίκέτην.
667 3401 855 3467 ὑπόσπονδοι
874 3403 929 3483 μὲν
948 3403 982 3465 ἐκ
999 3399 1237 3479 Πελοποννήσου
1252 3400 1367 3463 τούτων

214 3505 301 3570 ένεκα
317 3506 497 3587 ἀφείθησαν.

258 3669 311 3727 6¹1.
334 3657 430 3725 Diod
457 3659 503 3724 xi.
527 3661 595 3747 63:
629 3659 696 3726 Ἐπ’
725 3661 869 3745 άρχοντος
898 3659 923 3726 δ’
953 3659 1100 3739 Ἀθήνησι
1129 3660 1266 3725 Φαίωυος
1293 3707 1300 3724 .
1326 3705 1334 3721 .
1359 3706 1366 3722 .

213 3762 331 3847 μεγάλη
347 3788 392 3831 τις
407 3761 456 3828 καί
476 3764 645 3847 παράδοξος
665 3763 783 3848 ἐγένετο
805 3762 948 3846 συμφορά
969 3769 1032 3831 τοῖς
1047 3763 1302 3844 Λακεδαιμονίοις·
1333 3763 1368 3827 ἐν

214 3866 272 3950 γάρ
303 3869 338 3953 τῇ
364 3867 487 3955 Σπάρτῃ
513 3867 679 3951 γενομένων
704 3874 842 3950 σεισμῶν
871 3868 1013 3952 μεγάλων
1039 3867 1156 3948 συνέβη
1183 3871 1290 3931 πεσεῖν
1312 3864 1367 3933 τὰς

214 3970 310 4036 οἰκίας
333 3972 366 4034 ἐκ
389 3971 536 4047 θεμελίων
560 3970 608 4034 καὶ
630 3977 690 4036 τῶν
710 3973 954 4054 Λακεδαιμονίων
976 3973 1100 4038 πλείους
1121 3976 1181 4035 τῶν
1203 3969 1368 4051 δισμυρίων

215 4077 377 4157 φθαρῆναι.
422 4071 471 4160 (2)
492 4071 542 4139 ἐπὶ
559 4076 656 4140 πολὺν
671 4077 703 4140 δέ
718 4077 829 4160 χρόνον
845 4084 982 4161 συνεχῶς
997 4079 1050 4155 τῆς
1065 4076 1184 4141 πόλεως
1200 4082 1368 4153 καταφερο-

215 4176 307 4257 μένης
329 4179 379 4243 καὶ
400 4184 460 4244 τῶν
482 4181 584 4244 οίκιῶυ
607 4186 782 4247 πιπτουσῶν
797 4185 901 4247 πολλὰ
921 4183 1045 4262 σώματα
1067 4185 1131 4246 τοῖς
1151 4179 1291 4257 πτάμοσι
1306 4184 1368 4243 τῶν

215 4281 327 4366 τοίχων
356 4283 635 4365 ἀπολαμβανόμενα
664 4285 823 4369 διεφθάρη,
853 4285 905 4349 οὑκ
935 4286 1041 4368 ὀλίγον
1067 4286 1099 4349 δέ
1125 4291 1187 4349 τῶν
1213 4284 1288 4347 κατὰ
1313 4281 1370 4350 τὰς

215 4386 311 4455 υίκίιις
327 4385 489 4471 χρημάτων
504 4389 521 4451 ό
542 4393 668 4468 σεισμὸς
691 4388 866 4469 ἐλυμήνατο.
913 4387 960 4475 (3)
983 4387 1032 4453 καὶ
1052 4389 1211 4468 τοῦτομὲν
1226 4392 1261 4450 τό
1276 4392 1369 4452 κακὸν

216 4488 321 4575 {nup
348 4492 503 4573 δαιμονίου
535 4498 617 4561 τινὸς
646 4492 872 4573 νεμεσήσαντος
901 4492 1004 4559 αὑτοῖς
1038 4493 1162 4568 ἔπαθον,
1191 4490 1305 4556 άλλους
1336 4493 1370 4555 δὲ
