3000 5046
134 366 223 432 ο-ιτ.]
382 357 552 417 SPARTA
578 356 674 416 AND
699 355 1043 417 PELOPONNESOS.
1229 369 1286 431 που

134 550 481 618 datusestAristides.
527 552 606 618 huie
621 550 689 632 illa,
700 551 837 617 olaaaem
848 549 1194 627 Lacedaemoniorum,
1205 571 1289 636 quae

135 654 300 720 subducto
321 661 408 721 asset
431 655 475 722 ad
499 654 678 742 Gytheum,
702 654 787 721 olam
812 653 945 720 inoendi
971 675 1085 739 posse;
1107 675 1174 739 quo
1199 654 1289 720 faoto

135 757 245 844 frangi
267 758 599 825 Lacedaemoniorum
620 779 698 845 epea
721 779 854 825 neeesse
874 764 969 823 esset.
1014 757 1103 843 quod
1126 756 1290 824 Aristides

135 882 238 947 quum
250 861 407 938 audisset,
416 862 454 926 in
469 861 661 928 concionem
675 882 797 948 magna
808 860 1056 946 exspectatione
1071 860 1174 940 venit,
1183 860 1289 927 dixit·
1333 929 1335 932 ,

135 985 199 1051 que
219 965 361 1049 perutile
384 987 455 1031 ease
478 964 663 1046 eonsilium,
683 965 772 1051 quod
793 963 1031 1030 Themistoolea
1054 962 1210 1043 adferret,
1233 963 1290 1031 aed

135 1069 272 1133 minime
297 1068 481 1134 honestum.
525 1069 640 1157 itaque
662 1068 890 1147 Athenienses,
914 1068 1003 1155 quod
1026 1067 1201 1133 honestum
1223 1089 1290 1133 non

136 1178 230 1250 esset,
259 1171 295 1236 id
320 1195 362 1238 ne
392 1172 475 1239 utile
503 1173 637 1261 quidem
660 1179 886 1262 putaverunt:
917 1178 1088 1259 totamque
1111 1193 1184 1237 eam
1210 1193 1290 1250 rem,

136 1297 237 1362 quam
251 1297 293 1341 ne
310 1277 488 1343 audierant
503 1277 648 1364 quidam,
663 1283 799 1344 auctore
812 1275 963 1342 Aristide
978 1273 1246 1363 repudiaverunt.

180 1378 231 1444 Os.
247 1378 319 1445 Val.
336 1379 425 1447 Max.
441 1379 484 1449 vi.
502 1397 521 1462 5
536 1385 597 1447 ert.
615 1401 643 1449 2.

236 1562 535 1631 Lakedaimooiuo
556 1563 675 1649 Pole'oy
696 1563 740 1630 ιά
761 1562 1028 1650 Αταμλάίιίγοαόο
1050 1563 1204 1630 Οοιιιιοίί.

181 1711 230 1767 13.
254 1700 342 1767 Plut.
360 1699 470 1767 Ἠισυι.
487 1719 545 1766 20:
568 1700 621 1767 Ἐν
636 1703 669 1769 δὲ
687 1707 750 1770 τοῖς
765 1699 1028 1784 Ἀμφικτυονικοῖς
1049 1702 1215 1785 συνεδρίοις
1231 1707 1292 1767 τῶν

137 1806 379 1887 Λακεδαιμονίων
402 1804 637 1888 εἰσηγουμένων,
654 1807 737 1874 όπιος
763 1808 965 1890 άπείργιονται
986 1811 1041 1887 τῆς
1058 1804 1292 1888 Ἀμφικτυονίας

137 1910 170 1973 αί
191 1909 232 1989 μή
260 1907 498 1991 συμμαχήσασαι
525 1906 600 1974 κατά
621 1914 675 1973 τοῦ
698 1908 805 1990 Μήδου
827 1911 943 1988 πόλεις,
967 1910 1127 1993 φοβηθείς,
1148 1910 1189 1990 μή
1213 1913 1293 1974 Θετ·

137 2011 247 2079 ταλοὺς
269 2013 318 2077 καὶ
341 2008 505 2095 Ἀργείους,
533 2013 579 2078 ἔτι
603 2017 636 2078 δὲ
662 2014 822 2094 Θηβαίους
846 2014 1032 2095 ἐκβαλόντες
1054 2016 1108 2078 τοῦ
1135 2014 1293 2095 συνεδρίου

138 2122 294 2182 παντελῶς
308 2114 534 2198 ἐπικρατήσωσι
548 2120 608 2181 τῶν
628 2115 745 2199 ψήφων
764 2118 813 2181 καὶ
828 2115 953 2201 γίνηται
973 2117 1009 2181 τὸ
1029 2122 1138 2182 δοκοῦν
1158 2117 1293 2195 ἐκείνοις,

139 2223 264 2284 συνεῖπε
278 2224 342 2286 ταῖς
360 2220 474 2284 πόλεσι
493 2216 541 2283 καί
560 2219 704 2302 μετέθηκε
719 2220 772 2287 τὰς
789 2221 910 2305 γνάμας
927 2225 988 2286 τῶν
1007 2221 1198 2304 πυλαγόρων,
1211 2219 1293 2285 διδά-

140 2322 203 2403 ξας,
219 2322 258 2390 ὥς
279 2321 438 2405 τριάκοντα
461 2321 509 2387 καί
531 2324 587 2405 μία
606 2325 698 2406 μόναι
720 2325 827 2392 πόλεις
849 2326 930 2390 είσὶν
951 2325 983 2389 αί
1008 2328 1218 2410 μετασχοῦσαι
1241 2328 1294 2388 τοῦ

140 2427 284 2504 πολέμου,
306 2423 491 2493 καὶτούτων
514 2429 546 2493 αί
570 2429 694 2495 πλείους
716 2429 894 2494 παντάπασι
914 2429 1027 2510 μικραί·
1057 2433 1158 2494 δεινὸν
1180 2428 1242 2505 οὖν,
1266 2429 1294 2493 εί

139 2533 192 2610 τῆς
207 2528 306 2610 άλλης
319 2528 470 2598 Ἑλλάδος
485 2532 655 2597 ἐκσπόνδου
669 2530 828 2615 γενομένης
848 2533 899 2597 ἐπὶ
919 2535 984 2600 ταῖς
997 2533 1157 2615 μεγίσταις
1172 2528 1293 2611 δυσὶνή

139 2630 221 2716 τρισὶ
235 2633 366 2699 πόλεσιν
386 2635 473 2699 ἔσται
494 2640 529 2699 τὸ
546 2637 710 2718 συνέδριον.
755 2637 789 2701 ἔκ
809 2635 915 2701 τούτου
935 2637 992 2716 μὲν
1009 2635 1063 2702 οὖν
1079 2634 1216 2716 μάλιστα
1230 2639 1294 2703 τοῖς

141 2739 386 2817 Λακεδαιμονίοις
401 2738 618 2823 προσέκρουσε·
638 2739 747 2805 διὸκαὶ
762 2745 815 2806 τὸν
826 2741 948 2820 Κίμωνα
964 2739 1096 2824 προῆγον
1106 2743 1173 2809 ταῖς
1184 2744 1293 2821 τιμαῖς,

140 2841 307 2908 ἀντίπαλον
322 2842 356 2907 dv
370 2844 406 2930 τῇ
422 2844 563 2932 πολιτείᾳ
578 2843 621 2931 τῷ
635 2846 841 2925 Θεμιστοκλεῖ
855 2841 1063 2911 καθιστάντες.

654 3107 776 3177 Argoa.

501 3248 732 3318 Themistolelee
753 3257 790 3319 at
813 3253 933 3340 Ανροε.

186 3414 236 3471 14.
257 3402 358 3469 Thoe.
374 3401 396 3467 i.
416 3417 487 3488 135.
507 3424 536 3490 3.
580 3403 632 3471 cf.
646 3405 753 3472 above
767 3416 831 3474 VI.
848 3418 971 3476 28-88.

574 3620 666 3688 State
686 3619 725 3706 os
743 3622 862 3707 Ανροο.

186 3717 236 3772 15.
259 3705 343 3772 Hdt.
360 3705 406 3771 vi.
424 3707 475 3792 83.

186 3855 236 3910 16.
259 3844 364 3910 Arist.
379 3843 453 3910 Pot.
470 3842 537 3909 viii.
553 3841 614 3932 (v.)
629 3843 663 3911 ii.
679 3839 738 3933 (3.)
754 3845 783 3910 8.
802 3863 916 3932 1303&
930 3846 950 3909 6
959 3870 967 3910 ι
991 3843 1051 3912 Καί
1068 3847 1103 3912 ίν
1113 3845 1220 3931 Ἀργει
1235 3850 1296 3912 τῶν

147 3951 181 4014 ἐν
196 3952 232 4036 τῇ
249 3949 367 4037 ἑβδόμη
382 3950 582 4029 ἀπολομένων
596 3950 655 4014 ὑπὸ
671 3948 856 4031 Κλεομένους
874 3955 927 4014 τοῦ
945 3948 1088 4020 Λάκωνος
1103 3949 1296 4036 ἠναγκάσθη·

145 4079 204 4118 σαν
219 4052 443 4136 παραδέξασθαι
458 4061 520 4120 τῶν
534 4054 693 4135 περιοίκων
706 4051 799 4122 τινός.

186 4182 235 4239 17.
269 4172 366 4239 Paua.
398 4172 470 4241 viii.
502 4191 554 4258 27.
587 4194 623 4238 1:
655 4176 812 4252 Συνῆλόον
843 4176 877 4240 δὲ
905 4177 980 4257 ὑπὲρ
1009 4174 1115 4261 ίσχιίος
1144 4175 1176 4243 dr
1204 4175 1297 4256 αίπὴν

142 4273 200 4363 (se.
217 4276 272 4357 τήν
289 4276 437 4358 Μεγάλην
456 4277 563 4366 πόλιν)
578 4279 609 4342 οί
625 4274 777 4360 Ἀρκάδες,
791 4278 844 4344 άτε
865 4280 914 4344 καὶ
927 4278 1082 4364 Ἀργείους
1101 4278 1297 4360 ἐπιστάμενοι

142 4379 180 4443 τά
196 4380 252 4459 μὶν
275 4380 319 4444 ἔτι
341 4381 528 4463 παλαιότερα
552 4382 646 4462 μόνον
664 4381 700 4447 οὔ
726 4384 801 4446 κατὰ
821 4382 894 4463 μίαν
910 4381 1023 4466 ήμίραν
1043 4381 1176 4462 ἑκάστην
1197 4388 1297 4449 κινδυ-

143 4483 283 4550 νεύοντας
312 4483 372 4548 ὑπὸ
402 4485 645 4565 Λακεδαιμονίου
675 4488 867 4567 παραστῆναι
897 4485 939 4573 τᾷ
967 4483 1100 4573 πολίμιρ,
1129 4485 1235 4567 ἐπειδὴ
1262 4489 1297 4553 δὲ

693 4602 717 4653 U
734 4605 753 4654 2
