3000 5046
198 377 255 440 186
535 376 622 435 THE
645 376 674 435 Α
681 374 878 435 ΤΗΕΝΙΑΝ
901 374 1008 435 CITY.
1223 383 1286 448 [oh.
1299 385 1351 434 Π.

586 706 657 764 The
680 705 789 764 'th
810 704 961 762 Hermai.

242 834 304 900 See
318 835 424 902 above
439 843 507 899 111.
524 844 573 913 13,
595 844 651 914 20,
667 843 715 897 21.

604 1107 675 1164 'Pho
697 1107 779 1165 stoa
801 1105 945 1164 Poikile.

244 1248 298 1303 62.
322 1237 408 1304 Plut.
424 1237 510 1302 Cim.
526 1254 564 1315 4:
588 1240 646 1302 Καὶ
666 1236 724 1320 γὰρ
740 1236 800 1302 οὐδ’
822 1237 925 1303 άλλως
944 1235 1000 1316 τῆν
1014 1235 1194 1316 Ἐλπινίκην
1208 1235 1352 1301 εὔτακτόν

200 1368 266 1408 τινα
281 1341 439 1425 γεγονέναι
453 1341 607 1424 λέγουσιν,
623 1340 704 1404 ιἰλλδ
720 1341 769 1404 καῖ
789 1345 863 1423 πρὸς
882 1340 1088 1423 Πολύγνωτον
1103 1339 1280 1423 ἐξαμαρτεῖν
1299 1337 1353 1403 τὸν

202 1445 369 1530 ζῳγράφον·
394 1443 443 1509 καί
461 1443 510 1510 διά
524 1445 613 1509 τοῦτό
627 1451 724 1526 φασιν
740 1446 773 1508 ἐν
787 1444 1075 1530 τῆΠεισιανακτείιρ
1091 1445 1160 1508 τότε
1176 1440 1354 1527 καλουμένῃ,

203 1552 335 1636 Ποικίλῃ
365 1553 398 1614 δέ
427 1555 481 1616 νῦν
510 1550 596 1632 στοᾷ,
618 1547 777 1632 γράφοντα
806 1552 859 1612 τδς
884 1547 1031 1633 Τρῳάδας
1060 1553 1095 1610 τδ
1121 1549 1175 1624 τῆς
1204 1547 1355 1622 Λαοδίκης

201 1656 328 1732 ποιῆσαι
344 1654 507 1736 πρόσωπον
523 1654 556 1718 ἐν
571 1653 665 1718 είκόνι
680 1656 733 1731 τῆς
747 1651 934 1729 Ἐλπινίκης.
979 1653 995 1713 ὁ
1018 1654 1051 1716 δέ
1075 1651 1276 1733 Πολύγνωτος
1300 1649 1354 1712 οὐκ

202 1757 239 1837 ἦν
263 1764 322 1820 τῶν
346 1757 512 1837 βαναύσων
539 1756 600 1821 οὐδ’
627 1756 678 1821 ἀπ’
704 1755 889 1839 ἐργολαβίας
915 1754 1029 1837 ἔγραφε
1055 1755 1111 1834 τὴν
1141 1753 1245 1830 στοάν,
1273 1751 1355 1816 ἀλλὰ

201 1866 319 1943 προῖκα,
350 1860 603 1942 φιλοτιμούμενος
633 1865 707 1942 πρὸς
737 1858 792 1937 τὴν
822 1859 924 1936 πόλιν,
955 1858 995 1925 ὥς
1029 1863 1060 1922 οἵ
1094 1882 1126 1924 τε
1165 1861 1354 1940 συγγραφεῖς

204 1967 360 2048 ίστοροῦσι
380 1966 429 2028 καὶ
445 1963 620 2031 Μελάνθιος
637 1964 653 2027 ό
668 1963 793 2042 ποιητὴς
808 1960 893 2044 λέγει
908 1967 961 2027 τδν
972 1963 1087 2044 τρόπον
1102 1967 1219 2026 τοῦτον·

400 2069 489 2132 αὑτοῦ
510 2070 568 2150 γὰρ
591 2066 757 2132 δαπάναισι
779 2071 857 2131 θεῶν
880 2067 968 2133 ναοὺς
991 2065 1104 2148 ἀγοράν
1126 2091 1159 2131 τε

465 2171 635 2254 Κεκροπίαν
657 2168 785 2247 κόσμησ’
807 2168 940 2251 ἡμιθέων
963 2169 1090 2249 άρεταῖς.

248 2319 300 2373 63.
323 2306 419 2372 Paua.
433 2306 456 2370 i.
477 2320 579 2390 15.1:
602 2308 683 2385 Αύτη
699 2308 731 2369 δέ
752 2304 771 2384 ῆ
794 2303 870 2370 στοᾶ
891 2311 994 2387 πρῶτα
1016 2306 1072 2385 μέν
1090 2303 1270 2384 Ἀθηναίους
1292 2304 1356 2387 ἔχει

204 2410 400 2492 τεταγμένους
415 2412 448 2474 ἐν
462 2410 559 2497 Οἰνόῃ
571 2413 623 2488 τῆς
632 2410 769 2492 Ἀργείας
782 2411 902 2473 ἐναντία
914 2410 1167 2489 Λακεδαιμονίων·
1190 2409 1357 2491 γέγραπται

205 2517 239 2579 δέ
255 2516 305 2578 οὐκ
322 2518 352 2581 ἐς
368 2514 464 2594 άκμῆν
480 2515 596 2598 ἆγῶνος
611 2515 678 2578 οὐδὲ
692 2511 891 2592 τολμημάτων
911 2514 943 2580 ἐς
965 2511 1111 2592 ἐπίδειξιν
1134 2518 1168 2576 τά
1191 2513 1281 2596 ἔργον
1299 2509 1355 2593 ἤδη

205 2621 348 2699 προῆκον,
364 2618 447 2681 άλλδ
462 2615 610 2700 θρχομένη
626 2642 658 2682 τε
672 2617 691 2696 ῆ
706 2615 789 2701 μάχη
806 2617 854 2680 καὶ
871 2618 902 2684 ἐς
916 2621 1019 2703 χεῖρας
1034 2617 1079 2682 ἔτι
1100 2617 1263 2683 συνιόντες.
1309 2612 1358 2703 (2)

206 2722 241 2788 ἐυ
255 2725 288 2786 δέ
302 2722 345 2807 τφ
357 2719 443 2807 μέσιρ
459 2727 519 2785 τῶν
537 2722 649 2805 τοίχων
663 2721 821 2801 Ἀθηναῖοι
836 2718 885 2784 καὶ
905 2720 1028 2800 Θησεὺς
1045 2718 1191 2801 Ἀμαζόσι
1208 2719 1358 2804 μάχονται

206 2823 333 2890 ...ἐπὶ
355 2826 387 2889 δέ
410 2829 475 2890 τοῖς
496 2824 669 2906 Ἀμαζόσιν
681 2822 835 2904 Ἕλληνές
860 2826 940 2888 είσιν
964 2823 1106 2913 ᾑρηκότες
1125 2823 1233 2903 Ἴλιον,
1257 2822 1306 2888 καί
1329 2826 1358 2888 οῖ

205 2934 349 3007 βασιλεῖς
364 2927 557 3009 ἠθροισμένοι
575 2926 623 2991 διὰ
643 2933 679 2991 τδ
705 2928 832 2995 Αἴαντος
856 2929 887 2994 ἐς
909 2927 1113 3011 Κασσάνδραν
1135 2929 1284 3009 τόλμημα·
1310 2926 1358 2992 καὶ

206 3029 297 3094 αύτδν
311 3029 329 3108 ῆ
345 3031 449 3112 γραφη
464 3036 517 3094 τδν
532 3031 647 3094 Αίαντα
662 3032 727 3114 ἔχει
744 3031 792 3093 καὶ
806 3036 947 3113 γυναῖκας
969 3039 1030 3096 τῶν
1045 3032 1246 3114 αῖχμαλιίτων
1260 3032 1359 3098 άλλας

207 3156 240 3198 τε
256 3134 305 3198 καὶ
322 3132 546 3214 Κασσάνδραν..
580 3130 626 3220 (3)
649 3138 823 3199 τελευταῖον
838 3137 870 3199 δέ
886 3139 939 3215 τῆς
952 3140 1071 3219 γραφῆς
1084 3138 1163 3200 είσῖν
1174 3138 1207 3200 οῖ
1221 3134 1358 3220 μαχεσά-

207 3260 294 3316 μενοι
318 3240 494 3316 Μαραθῶνι·
530 3242 667 3301 Βοιωτῶν
691 3236 740 3322 [δέ]
765 3240 794 3302 οί
821 3239 981 3303 Πλάταιαν
1004 3240 1125 3320 ἔχοντες
1152 3241 1201 3303 καὶ
1225 3239 1300 3304 όσον
1322 3238 1360 3318 ἦν

206 3339 345 3405 Ἀττικδν
360 3341 444 3405 ίασιν
459 3342 490 3408 ἐς
505 3345 609 3424 χεῖρας
624 3345 686 3408 τοῖς
709 3340 890 3423 βαρβάροις.
938 3345 986 3407 καὶ
1008 3344 1100 3430 ταύτῃ
1121 3342 1178 3420 μέν
1200 3345 1284 3407 ἐστιν
1306 3343 1359 3406 ίσα

208 3442 278 3528 παρ’
295 3444 472 3526 ἀμφοτέρων
488 3447 519 3512 ἐς
535 3452 569 3509 τδ
586 3444 684 3527 ἔργον·
708 3450 742 3509 τδ
764 3448 796 3509 δέ
817 3447 878 3509 έσω
899 3450 951 3525 τῆς
972 3445 1072 3531 μόχης
1094 3446 1258 3530 φεύγοντές
1281 3448 1361 3511 είσιν

208 3550 239 3612 οῖ
260 3549 414 3632 βάρβαροι
439 3546 488 3613 καὶ
514 3552 545 3616 ἐς
568 3549 602 3612 τδ
627 3549 696 3615 έλος
723 3549 869 3618 ὠθοῦντες
893 3549 1056 3630 άλλήλους.
1101 3551 1230 3634 ἔσχαται
1252 3553 1285 3614 δέ
1306 3552 1360 3627 τῆς

208 3656 328 3736 γραφῆς
343 3651 414 3732 νῆές
428 3676 460 3716 τε
476 3655 508 3717 αῖ
523 3654 697 3732 Φοίνισσαι,
714 3655 762 3716 καὶ
775 3661 834 3720 τῶν
848 3654 1015 3735 βαρβάρων
1030 3653 1098 3720 τοὺς
1113 3654 1314 3721 ἐσπίπτοντας
1330 3656 1359 3720 ἐς

209 3756 318 3823 ταύτας
335 3756 515 3837 φονεύοντες
530 3758 558 3821 οῖ
569 3755 730 3834 Ἕλληνες.
776 3760 903 3822 ἐνταῦθα
919 3754 969 3822 καί
989 3758 1143 3838 Μαραθιδν
1157 3758 1362 3840 γεγραμμένος

210 3856 294 3925 ἐστίν
308 3860 395 3942 ἥρως,
411 3858 464 3939 ἀφ’
482 3859 516 3923 οδ
530 3865 564 3923 τδ
579 3861 684 3926 πεδίου
701 3859 881 3941 ὠνόμασται,
897 3862 946 3925 καὶ
971 3860 1093 3940 Θησεὺς
1116 3860 1232 3927 άνιόντι
1252 3863 1285 3923 ἐκ
1307 3862 1362 3943 γῆς

211 3963 398 4043 εἰκασμένος,
425 3960 541 4041 Ἀθηνᾶ
565 3989 598 4028 τε
624 3963 671 4026 καὶ
695 3965 859 4045 Ἡρακλῆς·
882 3966 1093 4044 Μαραθωνίοις
1121 3962 1188 4048 γάρ,
1215 3964 1254 4031 ὥς
1277 3965 1362 4029 αὐτοὶ

210 4063 366 4146 λέγουσιν,
380 4063 535 4147 Ἡρακλῆς
551 4066 695 4149 ἐνομίσθη
711 4067 778 4134 θεὸς
789 4068 928 4150 πράτοις.
958 4073 1018 4135 τῶν
1031 4067 1213 4153 μαχομένων
1227 4070 1259 4132 δέ
1274 4070 1363 4145 δῆλοι

209 4167 346 4246 μάλιστά
375 4169 454 4233 εἶσιν
482 4171 515 4233 ἐν
536 4171 572 4258 τῆ
596 4171 700 4255 γραφῇ
725 4172 924 4256 Καλλίμαχός
949 4197 992 4251 τε,
1014 4170 1048 4238 δς
1072 4172 1243 4251 Ἀθηναίοις
1268 4178 1361 4234 πολε-

211 4274 341 4352 μαρχεῖν
354 4269 456 4357 ᾕρητο,
472 4271 521 4337 καί
537 4273 706 4354 Μιλτιάδης
727 4279 787 4340 τδθ
802 4276 1060 4358 στρατηγούντων,
1073 4275 1152 4359 ἥρως
1168 4301 1201 4341 τε
1212 4272 1363 4360 Ἔχετλος

213 4372 406 4456 καλούμενος,
420 4375 455 4444 σύ
470 4379 519 4445 καὶ
532 4378 660 4461 ύστερον
675 4378 839 4462 ποιήσομαι
852 4379 980 4463 μνήμην.
