3000 5046
233 392 295 454 ²44
654 372 986 432 ατοσιιΑΡΗταΑι.
1259 381 1385 448 [om

235 573 340 656 άνδρδς
365 572 511 653 μεγίστου
535 577 596 635 τῦν
620 568 790 648 Ἑλλήνων,
815 571 883 653 περὶ
909 571 944 634 οὐ
972 571 1085 635 πολλοὶ
1112 575 1386 650 διαμφισβητοῦσι,

235 679 364 759 πότερον
389 676 474 742 οῦτος
504 673 648 750 ἀδικήσας
677 675 733 753 τὴν
758 676 885 755 πατρίδα
916 672 964 739 καί
992 674 1062 741 τούς
1092 673 1206 741 άλλους
1229 669 1387 752 Ἕλληνας

235 781 347 863 ἔφυγεν
367 782 410 846 είς
426 778 555 861 Πέρσας,
570 774 588 856 ἥ
607 777 781 842 τούναντίον
800 779 821 855 ή
840 802 874 842 τε
892 779 984 844 πόλις
1002 775 1050 841 καὶ
1066 777 1175 844 πάντες
1192 779 1221 842 οί
1232 776 1387 855 Ἕλληνες

235 883 477 967 εὐεργετηθέντες
491 881 611 965 μεγάλα
628 885 681 959 τῆς
698 884 753 963 μέν
768 882 890 964 χάριτος
906 880 1101 959 ἐπελάθοντο,
1119 888 1172 945 τὸν
1187 880 1212 945 δ’
1231 882 1387 964 εὐεργέτην

234 987 350 1071 ἤγαγον
366 986 482 1072 [αὐτῶν]
503 988 611 1054 ἀδίκως
632 989 674 1052 εἷς
696 985 764 1052 τούς
787 985 935 1070 ἐσχάτους
960 989 1121 1053 κινδύνους.
1166 983 1215 1074 (5)
1237 987 1265 1050 εί
1286 985 1320 1050 δέ
1342 1010 1389 1052 τις

234 1090 326 1175 χωρὶς
349 1094 466 1173 φθόνον
485 1090 540 1170 τήν
561 1116 594 1156 τε
617 1091 713 1169 φύσιν
734 1089 859 1169 τάνδρὸς
882 1087 930 1154 καὶ
952 1090 1006 1156 τὰς
1027 1089 1152 1170 πράξεις
1172 1089 1305 1168 ἐξετάζοι
1323 1086 1388 1168 μετ’

236 1197 400 1276 άκριβείας,
420 1195 541 1279 εὑρήσει
562 1194 683 1260 πάντων
706 1197 747 1258 ὧν
768 1193 992 1275 μνημονεύομεν
1015 1195 1196 1277 ἀμφοτέροις
1218 1199 1282 1260 τοῖς
1306 1196 1387 1274 είρη-

234 1300 335 1380 μένοις
351 1298 589 1378 πεπρωτευκότα.
618 1304 664 1363 διδ
680 1300 729 1361 καὶ
745 1297 926 1378 θαυμάσειεν
937 1298 974 1363 όν
989 1324 1034 1364 τις
1050 1299 1181 1373 είκότως,
1198 1300 1225 1362 εί
1240 1300 1389 1380 στερῆσαι

236 1407 320 1484 σφᾶς
344 1403 449 1469 αὐτοὺς
472 1404 578 1486 ἀνδρὸς
601 1402 735 1466 τοιούτου
760 1402 815 1480 τὴν
840 1402 935 1482 φύσιν
957 1402 1123 1480 ἠθέλησαν.
1168 1400 1237 1487 (59)
1261 1403 1306 1468 τίς
1330 1404 1388 1485 γάρ

235 1506 345 1588 ἕτερος,
361 1510 413 1585 τῆς
426 1505 565 1588 Σπάρτης
581 1505 677 1570 πλέον
690 1505 857 1590 ίσχυούσης
873 1506 921 1569 καὶ
935 1510 988 1568 τοῦ
1003 1511 1141 1570 ναυτικοῦ
1157 1507 1212 1585 τήν
1223 1505 1389 1588 ἡγεμονίαν

236 1611 359 1693 ἔχοντος
379 1608 568 1690 Εὐρυβιάδου
588 1615 642 1674 τοῦ
657 1608 855 1686 Σπαρτιάτου,
874 1613 939 1675 ταῖς
963 1610 1050 1676 ἰδίαις
1072 1607 1219 1691 πράξεσιν
1241 1610 1388 1691 άφείλετο

235 1716 289 1791 τῆς
320 1713 459 1795 Σπάρτης
485 1713 594 1792 ταύτην
620 1713 675 1791 τὴν
697 1711 813 1791 δόξαν,·
843 1715 912 1777 τίνα
937 1713 963 1777 δ’
987 1713 1087 1778 άλλον
1111 1711 1312 1795 ἱστορήκαμεν
1334 1709 1390 1797 μιᾷ

235 1817 342 1899 πράξει
357 1817 525 1895 ποιήσαντα
548 1821 710 1898 διενεγκεῖν
730 1818 820 1880 αὐτὸν
841 1821 898 1898 μὲν
919 1823 979 1881 τῦν
999 1816 1164 1898 ἡγεμόνων,
1180 1818 1235 1895 τὴν
1249 1818 1282 1881 δέ
1297 1820 1390 1882 πόλιν

235 1927 295 1986 τῶν
309 1921 498 2001 Ἐλληνίδων
513 1922 641 1996 πόλεων,
657 1921 725 1987 τούς
741 1921 767 1984 δ’
778 1918 935 2000 Ἕλληνας
950 1929 1011 1986 τῦν
1028 1920 1219 2004 βαρβάρους
1244 1919 1293 1985 έπὶ
1308 1922 1389 1988 τίνος

237 2028 270 2090 δέ
293 2030 530 2106 στρατηγοῦντος
554 2022 716 2090 ἐλάττονας
739 2022 877 2104 ἀφορμάς
898 2021 917 2104 ή
939 2026 1078 2104 μείζονας
1104 2026 1255 2092 κινδύνους
1269 2025 1387 2104 συνέβη

236 2129 403 2210 γενέσθαι,·
445 2126 492 2217 (2)
514 2131 560 2195 τίς
580 2131 613 2192 δέ
635 2135 709 2210 πρὸς
728 2130 852 2192 ἅπασαν
866 2130 921 2208 τὴν
937 2132 969 2194 έκ
985 2133 1038 2209 τῆς
1052 2129 1160 2196 Ἀσίας
1175 2130 1299 2209 δύναμιν
1314 2131 1388 2193 άνα-

237 2233 337 2318 στάτιρ
353 2231 388 2321 τῇ
403 2235 491 2298 πόλει
513 2229 714 2317 παραταχθεὶς
737 2233 881 2311 ένίκησε,·
911 2235 957 2300 τίς
980 2235 1013 2297 δὲ
1035 2238 1099 2300 τοῖς
1118 2234 1216 2316 έργοις
1237 2236 1270 2296 έν
1286 2231 1388 2318 εἰρήνῃ

236 2338 292 2417 τὴν
309 2338 438 2418 πατρίδα
453 2337 581 2415 δυνατήν
602 2335 803 2400 κατεσκεύασε
818 2337 964 2402 τοιούτοις
980 2362 991 2410 ,·
1020 2338 1066 2403 τίς
1082 2341 1114 2401 δὲ
1130 2335 1267 2415 πολέμου
1280 2337 1388 2416 μεγίσ-

236 2465 289 2505 του
301 2440 506 2523 κατασχόντος
521 2438 612 2518 αὐτὴν
628 2440 766 2516 διέσωσε,
781 2441 835 2524 μιᾷ
850 2439 876 2503 δ’
892 2440 1060 2526 έπινοίατῇ
1078 2442 1146 2521 περὶ
1157 2445 1210 2505 τοῦ
1227 2440 1389 2521 ζεύγματος

237 2545 382 2629 γενομένῃ
404 2543 457 2621 τὴν
473 2542 567 2622 πεζήν
588 2548 647 2606 τῶν
666 2544 819 2620 πολεμίων
842 2542 966 2623 δύναμιν
988 2541 1024 2622 έξ
1043 2542 1170 2622 ἡμίσους
1191 2543 1299 2624 μέρους
1321 2544 1388 2606 έτα-

238 2647 395 2725 πείνωσεν,
413 2645 486 2711 ὥστ’
505 2646 682 2728 εὐχείρωτον
696 2644 837 2727 γενέσθαι
852 2650 914 2713 τοῖς
928 2645 1065 2724 Ἕλλησι
1080 2672 1091 2720 ,·
1129 2644 1177 2733 (3)
1197 2650 1300 2726 διόπερ
1316 2647 1390 2711 ὅταν

237 2755 272 2815 τὸ
293 2749 420 2831 μέγεθος
442 2757 503 2814 τῶν
526 2751 622 2833 ἔργων
644 2750 734 2814 αὐτοῦ
757 2749 965 2832 θεωρήσωμεν,
981 2752 1031 2814 καὶ
1049 2757 1233 2817 σκοποῦντες
1255 2749 1292 2814 τά
1314 2751 1390 2815 κατὰ

236 2852 324 2933 μέρος
340 2855 470 2935 εὕρωμεν
486 2855 602 2917 ἐκείνου
615 2855 671 2933 μέν
681 2856 740 2918 ὐπὸ
755 2857 808 2930 τῆς
823 2854 939 2919 πόλεως
955 2853 1167 2934 ήτιμασμένον,
1180 2855 1235 2933 τὴν
1249 2858 1281 2917 δὲ
1297 2856 1390 2918 πόλιν

238 2959 287 3021 διὰ
302 2954 355 3024 τὰς
370 2958 486 3021 έκείνου
499 2956 623 3039 πράξεις
638 2956 846 3039 έπαιρομένην,
862 2959 984 3023 εἰκότως
1003 2958 1058 3029 τήν
1073 2963 1221 3021 δοκοῦσαν
1238 2958 1314 3022 εἶναι
1329 2965 1390 3024 τῦν

238 3061 366 3124 δπασῶν
393 3062 513 3125 πόλεων
537 3059 719 3142 σοφωτάτην
743 3057 790 3123 καὶ
815 3060 1043 3138 έπιεικεστάτην
1069 3061 1289 3143 χαλεπωτάτην
1313 3067 1389 3143 πρδς

239 3165 353 3229 ἐκεῖνον
368 3165 545 3246 εὐρίσκομεν
562 3165 773 3247 γεγενημένην.

283 3295 337 3349 29.
360 3283 650 3349 Μετανοήσατε
670 3282 734 3348 Ἠν
757 3286 789 3348 δέ
814 3282 862 3349 καί
884 3288 946 3351 τοῖς
966 3282 1135 3367 συμμάχοις
1153 3285 1287 3366 ε’παχθής
1305 3309 1389 3368 περι-

239 3388 342 3452 πλέων
365 3414 398 3452 τε
418 3391 471 3455 τὰς
491 3386 602 3469 νήσους
623 3384 672 3451 καὶ
693 3388 946 3470 χρηματιζόμενος
967 3386 1017 3451 ὐπ’
1034 3388 1141 3452 αὐτῶν·
1172 3390 1221 3451 οἶα
1243 3387 1292 3451 καὶ
1315 3394 1389 3468 πρὸς

239 3491 392 3575 Ἀνδρίους
418 3492 559 3575 άργύριου
585 3489 725 3554 αἰτοῦντά
750 3499 846 3571 φησιν
873 3491 963 3556 αὐτὸν
979 3488 1141 3571 Ἡρόδοτος
1164 3493 1260 3555 εἰπεῖν
1283 3517 1315 3556 τε
1340 3488 1390 3556 καὶ

240 3597 375 3660 άκοῦσαι.
429 3596 482 3660 δύο
505 3596 563 3678 γάρ
584 3596 669 3673 ήκειν
692 3594 752 3674 ἔφη
775 3596 860 3660 θεοὺς
887 3595 1023 3675 κομίζων,
1048 3597 1149 3659 Πειθὼ
1173 3596 1221 3658 καὶ
1245 3597 1329 3658 Βίαν·
1360 3597 1389 3660 οί

239 3699 266 3765 δ’
290 3701 412 3780 ἔφασαν
439 3699 514 3764 εἶναι
542 3697 590 3762 καὶ
615 3697 683 3777 παρ’
705 3697 806 3763 αὐτοῖς
833 3699 918 3765 θεούς
943 3698 1094 3782 μεγάλους
1118 3699 1181 3776 δύο,
1203 3701 1318 3762 Πενίαν
1341 3701 1390 3764 καὶ

239 3803 394 3884 Ἀπορίαν,
409 3800 460 3882 ὐφ’
476 3805 518 3867 ὧν
533 3802 702 3866 κωλύεσθαι
721 3805 823 3864 δοῦναι
841 3801 978 3886 χρήματα
994 3804 1107 3886 έκείνιρ.
1141 3803 1315 3884 Τιμοκρέων
1330 3802 1355 3867 δ’
1373 3805 1390 3868 ό

238 3905 353 3973 Ῥόδιος
375 3905 539 3987 μελοποιὸς
563 3907 596 3970 έν
623 3904 735 3988 ᾅσματι
759 3904 940 3969 καθάπτεται
963 3907 1138 3988 πικρότερον
1159 3911 1213 3969 τοῦ
1236 3911 1390 3987 Θεμιστο-

241 4010 356 4088 κλέους,
367 4011 405 4076 ὧς
418 4011 531 4075 ἄλλους
542 4012 598 4089 μέν
612 4010 661 4072 έπὶ
673 4007 808 4092 χρήμασι
820 4009 957 4090 φυγάδας
969 4008 1210 4090 διαπραξαμένου
1223 4014 1391 4086 κατελθεῖν,

241 4114 331 4178 αὐτὸν
354 4118 386 4178 δὲ
408 4112 496 4192 ξένον
519 4115 590 4176 ὅντα
614 4115 663 4176 καὶ
688 4114 782 4192 φίλον
806 4112 973 4193 προεμένου
999 4112 1035 4177 δι’
1062 4114 1210 4197 άργύριον.
1256 4113 1342 4197 λέγει
1363 4111 1391 4178 δ’

241 4219 344 4283 οὕτως·

283 4318 371 4383 Ἀλλ’
394 4323 420 4384 εί
443 4320 513 4402 τύγε
535 4321 713 4386 Παυσανίαν
735 4317 753 4398 ἦ
777 4322 826 4384 καὶ
849 4322 919 4403 τύγε
943 4319 1123 4387 Ξάνθιππον
1145 4322 1239 4388 αίνεῖς

284 4423 303 4503 ἢ
326 4425 395 4506 τύγε
419 4424 613 4507 Λευτυχίδαν,
637 4427 694 4507 έγὼ
718 4424 744 4488 δ’
766 4423 958 4506 Ἀριστείδαν
979 4424 1109 4489 έπαιυέω

285 4527 366 4611 ἄνδρ’
390 4531 472 4613 ἱερᾶν
495 4528 546 4592 ἀπ’
567 4526 700 4593 Ἀθανᾶν
