3000 5046
200 364 261 427 312
518 347 604 406 THE
632 346 844 406 WESTERN
868 348 1045 407 GREEKS.
1193 357 1254 423 [ch.
1267 359 1357 406 Vm

246 555 299 608 25.
324 543 454 624 Suidffl,
470 544 636 627 Δαρετίου;

723 653 787 713 Τδν
808 648 920 731 τρίποδ’
945 648 1113 729 ἀνθέμενοι,

377 751 414 833 ἐξ
435 751 541 817 ἐκατδυ
563 759 676 836 λιτρῶν
699 754 748 818 καὶ
770 752 958 833 πεντήκοντα
979 753 1137 818 ταλάντων

423 857 568 938 Δαρετίου
590 861 714 939 χρυσοῦ,
736 861 790 924 τάς
813 858 937 924 δεκάτας
960 858 1097 922 δεκάταν.

247 988 301 1042 26.
324 975 461 1043 Anthol.
477 975 547 1041 Pal.
563 976 609 1041 πῖ
626 995 706 1056 214:

548 1084 612 1144 Τοῦ
633 1079 723 1145 αύτοῦ
744 1077 802 1167 (sc.
825 1079 1014 1168 Σιμωνίδου).

334 1181 417 1264 Φημὶ
439 1183 560 1262 Γέλων’,
581 1180 711 1264 Ἱέρωνα,
734 1185 923 1264 Πολύζηλον,
941 1187 1177 1267 Θρασύβουλον,

379 1291 487 1354 παῖδας
511 1286 715 1369 Δεινομένευς,
737 1293 791 1352 τὸν
812 1289 927 1370 τρίποδ’
950 1288 1116 1371 ἀνθέμεναι,

336 1390 371 1470 ἐξ
391 1389 497 1456 έκατδν
520 1396 632 1473 λιτρῶν
654 1388 703 1455 καὶ
725 1390 911 1472 πεντήκοντα
932 1392 1090 1458 ταλάντων

381 1495 568 1576 Δαμαρετίου
590 1500 714 1578 χρυσοῦ,
735 1499 789 1563 τάς
811 1496 937 1563 δεκάτας
958 1498 1095 1561 δεκάταν.

248 1637 282 1680 v.
297 1636 330 1695 4.
354 1615 499 1695 Δαρετίου
513 1614 584 1681 eod.
630 1615 760 1700 Δαρείου
775 1614 911 1681 Wessel.
957 1621 1146 1698 Δαμαρετίου
1160 1615 1269 1681 Bentl.

251 1718 313 1785 See
327 1718 388 1782 Th.
403 1717 553 1784 Reimeh
568 1718 606 1783 in
620 1717 697 1784 Rev.
713 1719 820 1785 Num.
840 1718 933 1802 1895,
947 1740 980 1805 p.
995 1738 1070 1804 492.

381 1931 517 1997 Golon’s
538 1938 688 2009 position
710 1939 913 2010 recognized
934 1941 972 1997 in
994 1941 1174 2012 synkune.

251 2083 303 2138 27.
327 2068 426 2136 Diod.
439 2069 485 2135 xi.
499 2071 550 2136 26.
560 2089 600 2148 4:
622 2068 661 2134 Ὁ
673 2073 706 2136 δέ
717 2069 821 2135 Γέλων
837 2072 944 2155 ἐχρῆτο
960 2075 1056 2137 πᾶσιν
1068 2074 1214 2153 ἐπιεικῶς,
1222 2071 1361 2155 μάλιστα

206 2178 262 2259 μὲν
277 2178 321 2244 είς
336 2182 388 2240 τδν
403 2176 481 2241 ίδιον
499 2175 621 2258 τρόπον,
637 2174 693 2259 οὐχ
713 2174 825 2253 ἥκιστα
845 2179 878 2242 δὲ
896 2173 945 2240 καὶ
965 2176 1104 2241 σπεύδων
1121 2177 1256 2244 ἅπαντας
1275 2178 1362 2261 ἔχειν

206 2285 272 2348 ταῖς
296 2279 426 2346 εύνοίαις
447 2280 549 2347 ἰδίους·
579 2278 818 2360 παρεσκευάζετο
841 2278 899 2361 γὰρ
926 2281 1027 2367 πολλῇ
1048 2279 1171 2360 δυνάμει
1195 2285 1286 2346 πλεῖν
1309 2280 1361 2346 ἐπὶ

208 2384 263 2464 τὴν
277 2382 416 2447 Ἑλλάδα
430 2383 480 2446 καῖ
495 2387 665 2466 συμμαχεῖν
681 2387 743 2449 τοῖς
753 2381 892 2462 Ἕλλησι
908 2382 983 2447 κατὰ
993 2389 1053 2448 τῶν
1063 2388 1204 2467 Περσῶν.
1242 2380 1289 2473 (5)
1303 2384 1361 2465 ἤδη

209 2487 234 2552 δ’
251 2489 340 2552 αὐτοῦ
357 2487 526 2568 μέλλοντος
545 2489 701 2551 ποιεῖσθαι
719 2485 773 2565 τὴν
796 2484 967 2569 ἀναγωγήν,
992 2486 1202 2553 κατέπλευσάν
1224 2513 1304 2556 τινες
1326 2490 1360 2553 ἐκ

210 2592 358 2674 Κορίνθου
374 2594 593 2671 διασαφοῦντες
610 2590 799 2670 νενικηκέναι
820 2591 857 2680 τῇ
874 2593 1024 2681 ναυμαχίη
1039 2591 1109 2660 τοὺς
1119 2593 1276 2672 Ἕλληνας
1293 2591 1361 2674 περὶ

209 2699 376 2776 Σαλαμῖνα,
394 2694 443 2758 καὶ
457 2693 510 2757 τὸν
527 2691 644 2774 Ξέρξην
657 2697 735 2774 μετδ
749 2693 856 2774 μέρους
871 2698 925 2774 τῆς
939 2694 1093 2775 δυνάμεως
1104 2698 1137 2760 ἐκ
1150 2699 1202 2776 τῆς
1215 2698 1362 2781 Εὐρύτης

209 2799 417 2882 ἀπηλλάχθαι.
473 2802 519 2862 διδ
551 2795 599 2861 καὶ
629 2800 682 2877 τῆς
714 2799 807 2881 ὁρμῆς
838 2799 983 2883 ἐπισχεῖν,
1015 2800 1071 2880 τὴν
1103 2801 1271 2881 προθυμίαν
1300 2805 1362 2866 τῶν

211 2907 402 2986 στρατιωτῶν
418 2900 651 2982 ἀποδεξάμενος,
663 2899 835 2985 συνήγαγεν
850 2904 1025 2982 ἐκκλησίαν,
1036 2902 1209 2984 προστάξας
1224 2904 1361 2972 ἅπαντας

211 3008 348 3072 ἀπαντᾶν
362 3008 438 3083 μετὰ
453 3010 514 3070 τῶν
529 3006 643 3070 ὅπλων·
673 3006 761 3072 αῦτδς
776 3009 808 3070 δὲ
824 3007 858 3072 ού
875 3008 968 3085 μόνον
985 3014 1046 3072 τῶν
1064 3009 1168 3072 ὅπλων
1186 3015 1297 3091 γυμνδς
1317 3011 1361 3076 είς

211 3111 266 3189 τὴν
282 3109 445 3189 ἐκκλησίαν
461 3107 563 3188 ἦλθεν,
576 3109 658 3173 ἀλλά
674 3105 723 3173 καὶ
738 3110 852 3194 ἀχίτων
868 3112 901 3175 ἐν
914 3111 1020 3196 ῖματίιρ
1036 3111 1216 3194 προσελθὸν
1226 3112 1361 3194 ἀπελογ-

213 3215 298 3278 ίσατο
320 3214 376 3294 μὲν
397 3209 466 3294 περὶ
488 3217 601 3279 παντὸς
621 3217 675 3276 τοῦ
697 3213 769 3294 βίου
796 3214 845 3278 καὶ
868 3221 929 3279 τῶν
951 3214 1170 3298 πεπραγμένων
1188 3216 1266 3301 αύτῷ
1286 3215 1361 3298 πρὸς

211 3318 280 3383 τοῦς
295 3318 507 3398 Συρακοσίους·
552 3312 600 3401 (6)
623 3315 674 3397 ἐφ’
690 3318 807 3402 έκάστφ
830 3321 863 3383 δέ
885 3324 946 3383 τῶν
967 3319 1142 3401 λεγομένων
1164 3319 1362 3398 ἐπισημαινο-

210 3421 309 3502 μένων
339 3427 400 3484 τῶν
429 3421 540 3504 ὄχλων,
569 3415 619 3483 καὶ
650 3420 860 3501 θαυμαζόντων
885 3421 1019 3502 μάλιστα
1044 3423 1091 3486 ὅτι
1117 3428 1230 3504 γυμνδν
1256 3425 1363 3487 ἑαυτὸν

212 3525 412 3608 παρεδεδώκει
434 3529 498 3590 τοῖς
519 3523 719 3605 βουλομένοις
742 3526 831 3590 αῦτδν
858 3527 987 3602 ἀνελεῖν,
1010 3530 1157 3591 τοσοῦτον
1178 3528 1286 3611 ἀπεῖχε
1308 3531 1362 3591 τοῦ

214 3624 284 3718 [μὴ]
302 3632 404 3714 τυχεῖν
419 3629 560 3713 τιμωρίας
576 3627 616 3695 ὥς
631 3627 784 3710 τύραννος,
800 3630 880 3695 ὥστε
894 3630 948 3714 μιᾷ
962 3631 1049 3716 φωνῇ
1065 3630 1180 3698 πάντας
1195 3631 1362 3695 ἀποκαλεῖν

213 3732 367 3815 εὐεργέτην
383 3728 432 3796 καί
448 3735 569 3813 σωτῆρα
585 3728 633 3795 καῖ
647 3731 792 3812 βασιλέα.

140 3842 146 3852 ⁸
257 3871 313 3926 28.
334 3858 407 3924 Aol.
428 3859 465 3924 V.
481 3859 526 3924 H.
543 3859 588 3924 vi.
610 3880 667 3925 11:
691 3859 794 3924 Γέλωυ
816 3862 849 3926 ἐν
866 3858 964 3947 Ἱμέρᾳ
985 3861 1109 3942 νικήσας
1135 3864 1363 3946 Καρχηδονίους,

214 3968 317 4030 πῦσαυ
343 3962 394 4045 ὑφ’
422 3963 528 4029 ἑαυτὸν
554 3964 609 4043 την
635 3964 777 4029 Σικελίαν
803 3962 979 4044 ἐποιήσατο.
1024 3966 1088 4030 εἶτα
1115 3967 1214 4030 ἐλθὼν
1240 3969 1282 4033 είς
1308 3967 1364 4044 τὴν

214 4069 328 4152 ἀγοράν
342 4066 463 4150 γυμνός,
479 4067 575 4150 ἔφατο
591 4069 766 4133 ἀποδιδόναι
781 4073 841 4132 τοῖ»
859 4070 997 4137 πολίταις
1011 4070 1066 4150 τὴν
1082 4069 1187 4152 ἀρχήν·
1217 4072 1247 4134 οῖ
1263 4074 1296 4135 δὲ
1311 4072 1364 4135 οάκ

213 4172 334 4252 ἤθελον,
355 4173 495 4249 δηλονότι
514 4170 724 4253 πεπειραμένοι
747 4173 836 4237 αὐτοῦ
855 4172 1125 4257 δημοτικωτέρουῆ
1141 4174 1285 4253 κατάτὴν
1303 4182 1364 4239 τῶν
1421 4220 1423 4224 =

214 4274 376 4358 μονάρχων
395 4272 546 4354 ἐξουσίαν.
591 4279 640 4340 διδ
664 4279 755 4341 ταῦτά
779 4301 825 4340 τοι
848 4274 897 4341 καί
920 4279 953 4342 ἐν
974 4280 1014 4363 τῷ
1037 4282 1090 4358 τῆς
1113 4280 1252 4344 Σικελίας
1263 4277 1365 4361 Ἥρας

214 4381 273 4465 νεῷ
289 4379 415 4455 ἐστηκεν
434 4379 524 4444 αὐτοῦ
544 4381 641 4460 είκύν,
655 4387 768 4464 γυμνὸν
786 4381 875 4447 αῦτῦν
897 4386 1051 4462 δεικνῦσα,
1070 4383 1119 4448 καὶ
1142 4383 1292 4465 ὡμολόγει
1310 4384 1365 4464 τὴν

214 4480 325 4569 πράξιν
338 4486 391 4547 τοῦ
406 4482 543 4552 Γέλωνος
557 4489 591 4550 τδ
605 4484 736 4568 γράμμα.
