3000 5046
198 368 259 429 270
609 352 943 412 BIOGRAPHICAL.
1222 361 1353 426 [QVI.

199 549 277 630 ὅμως
294 550 371 615 εἷναί
384 576 452 615 τινα
466 555 519 615 τὸν
540 555 613 632 πρὸς
637 550 727 615 αὐτὸν
748 550 1006 626 ἀντιτασσόμενον
1021 551 1054 615 ἐν
1069 547 1105 637 τῇ
1118 549 1209 614 πόλει
1225 546 1274 614 καὶ
1295 549 1351 629 τὴν

198 652 322 733 δύναμιν
345 653 550 733 ἀμβλύνοντα,
573 655 653 718 ὥστε
675 654 716 734 μῆ
740 653 849 739 κομιδή
868 654 1036 736 μοναρχίαν
1059 653 1147 730 εἶναι,
1163 654 1353 731 Θουκυδίδην

197 762 251 822 τὸν
265 756 488 836 Ἀλωπεκῆθεν,
503 758 594 840 ἀνδρα
611 758 755 839 σόφρονα
771 754 820 820 καὶ
837 757 984 836 κηδεστήν
1000 757 1145 834 Κίμωνος,
1160 757 1352 835 ἀντέστησαν

199 861 463 941 ἐναντιωσόμενον,
480 861 512 927 δς
539 861 628 941 ῆττου
649 863 705 942 μὲν
728 860 769 926 διν
792 867 954 940 πολεμικὸς
977 865 1030 925 τοῦ
1053 861 1196 939 Κίμωνος,
1210 862 1352 942 ἀγοραῖος

199 967 231 1030 δὲ
254 962 303 1029 καὶ
325 965 479 1031 πολιτικὸς
502 969 631 1043 μᾶλλον,
656 967 798 1044 οίκουρῶν
825 966 858 1029 ἐν
883 964 970 1028 ἀστει
993 962 1042 1028 καὶ
1064 961 1132 1045 περί
1149 969 1184 1029 τδ
1206 963 1356 1050 βῆματῷ

199 1072 347 1150 Περικλεῖ
376 1069 623 1148 συμπλεκόμενος
653 1069 730 1152 ταχῖι
756 1067 812 1147 τῆν
835 1067 992 1133 πολιτείαν
1016 1069 1058 1134 είς
1086 1067 1253 1132 ἀντίπαλον
1280 1094 1351 1132 κατ·

197 1171 337 1251 ἐστησεν.
383 1172 418 1236 ού
439 1176 497 1253 γάρ
518 1175 603 1239 είασε
622 1172 691 1239 τοὺς
711 1172 820 1239 καλοὺς
843 1173 992 1255 κάγαθοὺς
1016 1171 1216 1251 κολονμένονς
1239 1171 1350 1256 ἀνδρας

199 1273 413 1356 ἐνδιεσπάρθαι
439 1273 488 1340 καὶ
513 1280 718 1360 συμμεμῖχθαι
742 1282 814 1359 πρὸς
842 1282 895 1342 τὸν
922 1279 1024 1355 δῆμον,
1046 1276 1086 1343 ὡς
1111 1276 1265 1360 πρότερον,
1290 1277 1351 1341 ύπδ

198 1377 333 1459 πλήθους
348 1379 574 1464 ἠμαυρωμένους
589 1385 624 1445 τδ
640 1379 765 1460 ἀξίωμα,
780 1377 871 1462 χωρίς
890 1383 922 1445 δὲ
937 1382 1087 1462 διακρίνας
1105 1377 1154 1443 καί
1169 1381 1350 1463 συναγαγὼν

199 1485 242 1550 είς
258 1485 347 1548 ταδτδ
362 1484 417 1564 τῆν
439 1483 560 1551 πάντων
580 1483 704 1564 δύναμιν
727 1485 856 1566 ἐμβριθῆ
878 1482 1042 1566 γενομένην
1064 1485 1168 1565 ὥσπερ
1190 1481 1240 1548 ε’πλ
1262 1485 1352 1566 ζυγοῦ

198 1588 296 1671 ῥοπήν
321 1589 473 1667 ἐποίησεν.
518 1587 555 1668 ήν
578 1590 634 1670 μὶν
655 1588 713 1670 γὰρ
737 1585 772 1667 ἐξ
790 1589 884 1671 ἀρχῆς
905 1588 1015 1666 διπλόη
1031 1614 1077 1654 τις
1092 1590 1231 1668 ὕπουλος,
1246 1589 1352 1672 ὥσπερ

200 1693 233 1757 ἐν
256 1690 379 1775 σιδήρῳ,
403 1695 552 1775 διαφορδν
573 1693 824 1772 ὑποσημαίνουσα
846 1695 1007 1771 δημοτικῆς
1032 1689 1081 1757 καὶ
1104 1694 1353 1775 ἀριστοκρατικῆς

199 1793 412 1876 προαιρέσεως,
425 1794 442 1875 ή
459 1795 486 1859 δ’
500 1795 621 1861 ἐκείνων
637 1794 755 1876 δμιλλο
771 1796 819 1859 καὶ
838 1795 997 1876 φιλοτιμία
1012 1801 1073 1860 τῶν
1088 1797 1202 1876 ἀνδρῶν
1216 1796 1351 1875 βαθυτά-

198 1923 254 1978 την
270 1898 363 1978 τομὴν
377 1903 509 1979 τεμοῦσα
524 1901 576 1977 τῆς
597 1899 717 1965 πόλεως
732 1904 767 1962 τδ
781 1902 839 1976 μὲν
859 1901 962 1979 δῆμον,
977 1905 1012 1964 τδ
1032 1899 1057 1964 δ’
1080 1900 1201 1983 ὀλίγους
1225 1901 1351 1978 ἐποίησε

201 2006 373 2067 καλεῖσθαι.
419 2001 608 2068 Οοιιδίοαοά
623 2002 728 2069 above
743 2012 785 2068 V.
802 2014 856 2068 89.

243 2194 298 2250 08.
322 2184 379 2249 Ar.
401 2182 492 2268 νεαρ.
512 2185 593 2269 946:

634 2304 752 2370 Ἔκεῖνό
772 2331 823 2389 μοι
846 2311 929 2370 δοκεῖ
949 2304 1141 2385 πεπονθέναι,

460 2409 535 2490 ὅπερ
555 2413 630 2475 ποτὶ
653 2410 775 2492 φεύγων
793 2411 888 2475 έπαθε
909 2408 958 2476 καὶ
981 2412 1175 2491 Θονκυδίδης·

463 2513 656 2593 ἀπόπληκτος
678 2512 823 2596 ἐξαίφνης
845 2514 966 2596 ἐγένετο
988 2517 1043 2583 τδς
1064 2514 1203 2598 γνάθους.

246 2706 300 2762 99.
325 2693 432 2761 Schol.
443 2694 485 2758 ad
496 2716 525 2758 V.
538 2709 618 2777 947:
640 2692 840 2781 (Θουκυδίδην
852 2694 936 2778 λέγει
946 2700 999 2759 τδν
1009 2693 1181 2782 Μελησίου)
1192 2691 1351 2783 ήἈλωπε·

201 2794 325 2887 κῆθευή.
366 2805 471 2865 τοῦτον
487 2800 520 2863 δὲ
535 2797 762 2881 ἐξωστράκισαν
774 2798 931 2879 Ἀθηναῖοι
946 2798 983 2862 τὰ
1000 2797 1019 2863 ι’
1035 2800 1086 2877 ἐτη
1102 2802 1176 2863 κατδ
1190 2799 1244 2863 τδν
1259 2799 1351 2879 νόμον

202 2950 211 2968 .
228 2951 235 2966 .
251 2954 257 2968 .
273 2902 334 2991 (ὅτι
350 2907 383 2968 δὲ
402 2905 419 2966 δ
433 2899 602 2982 Ἀθηναίων
622 2905 714 2979 δῆμος
733 2904 893 2986 ἀειφυγίαν
914 2905 1004 2968 αὐτοῦ
1022 2904 1187 2985 καταγνοὺς
1203 2901 1349 2985 ἐδήμευσε

200 3007 256 3088 τῆν
272 3007 387 3083 οὐσίαν,
404 3003 453 3072 καί
468 3013 541 3088 πρὸς
556 3004 752 3088 Ἀρτοξέρξην
766 3006 821 3086 ήκε
837 3006 968 3089 φεύγων,
981 3009 1079 3088 σαφές
1092 3007 1352 3087 ποιεῖἸδομενεὺς

201 3111 252 3176 διά
267 3116 320 3175 τοῦ
334 3108 368 3191 β’
382 3118 435 3175 τὸν
449 3110 561 3194 τρόπον
576 3114 693 3190 τοῦτον,
708 3115 727 3147 “
738 3112 768 3174 οῖ
788 3111 890 3189 μέντοι
905 3110 1058 3186 Ἀθηναῖοι
1074 3111 1164 3173 αὐτοῦ
1180 3108 1229 3173 καὶ
1244 3110 1350 3192 γένους

202 3215 362 3296 ἀειφυγίαν
386 3214 591 3296 κατέγνωσαν,
606 3215 798 3296 προδιδόντος
817 3214 873 3292 τὴν
895 3215 1042 3289 Ἐλλάδα,
1057 3211 1107 3278 καί
1123 3215 1213 3278 αὐτοῦ
1228 3214 1246 3294 ῆ
1263 3214 1352 3278 οὐσία

202 3315 374 3397 ἐδημεύθη.”
417 3317 551 3384 Ἀλλως.
597 3319 780 3396 Θουκνδιδης
804 3319 965 3395 Μελησίου
985 3319 1049 3384 υίὸς
1069 3322 1214 3402 Περικλεῖ
1229 3319 1350 3383 ἀντιπο·

201 3421 428 3503 λιτευσάμενος.
473 3422 621 3504 τέσσαρες
645 3422 679 3486 δέ
703 3424 764 3486 εἰσι
788 3421 970 3486 Θουκυδίδαι
989 3420 1156 3502 Ἀθηναῖοι,
1177 3424 1193 3485 ὀ
1218 3425 1350 3505 ἱστοριο-

200 3524 320 3610 γράφος
335 3524 417 3590 καὶὸ
437 3525 619 3609 Γαργήττιος
641 3523 689 3590 καὶ
712 3527 728 3589 ὁ
752 3530 908 3591 Θετταλὸς
934 3522 982 3589 καὶ
1003 3525 1089 3592 οδτος
1107 3523 1205 3608 ῥήτωρ
1229 3527 1352 3606 ἀριστος

201 3627 366 3714 τυγχάνων,
378 3627 411 3696 δς
424 3625 637 3712 κατηγορηθείς
653 3629 684 3692 ἐν
695 3629 738 3713 τφ
748 3627 879 3706 δικάζειν
890 3628 942 3692 οὐκ
953 3627 1083 3707 ἠδυνήθη
1096 3626 1351 3708 ἀπολογήσασθαι

200 3734 274 3814 ύπδρ
290 3736 403 3811 ἑαυτοῦ,
419 3730 489 3796 ἀλλ’
503 3733 606 3812 ὥσπερ
622 3730 860 3816 ἐγκατεχομένην
875 3733 950 3812 ἔσχε
970 3732 1025 3811 τῆν
1047 3737 1192 3814 γλῶτταν,
1210 3730 1259 3796 καὶ
1274 3734 1350 3797 οὕτω

201 3836 411 3916 κατεδικάσθη,
442 3836 508 3900 εἶτα
537 3833 772 3919 ἐξωστρακίσθη.
821 3834 953 3901 Ἀλλως.
1012 3843 1085 3917 πρὸς
1116 3837 1171 3915 τῆν
1205 3837 1349 3918 ἱστορίαν.

199 3937 317 4020 μήποτε
344 3941 361 4003 ὀ
385 3943 532 4022 Περικλεῖ
551 3937 887 4022 άντιπολιτευσάμενος.
931 3944 1019 4002 τοῦτο
1040 3942 1072 4004 δὲ
1100 3941 1273 4024 Φιλόχορος
1295 3943 1352 4020 μὲν

202 4044 328 4126 ίστορεῖ.
372 4041 406 4109 δς
433 4043 500 4108 οὐδὲ
526 4040 624 4124 πάντη
649 4043 797 4126 γνώριμος
823 4042 952 4125 ἐγένετο·
986 4043 1057 4107 ἀλλ’
1088 4044 1155 4109 οὐδὲ
1180 4045 1260 4128 παρὰ
1288 4050 1351 4112 τοῖς

201 4151 352 4228 κωμικοῖς,
367 4145 417 4210 διδ
431 4151 466 4211 τδ
481 4147 528 4210 ἐπ’
544 4146 648 4227 ὀλίγον
667 4148 826 4229 στρατείας
849 4145 1015 4226 ἀξιωθέντα
1037 4147 1113 4225 μετὰ
1138 4147 1277 4214 Κλέωνος
1301 4146 1349 4212 ἐπὶ

201 4247 323 4336 Θράκης
348 4248 430 4338 φυγῇ
453 4255 734 4333 καταψηφισθῆναι.
780 4251 853 4315 ἔνιοι
884 4250 929 4328 δέ,
954 4254 997 4316 ὧν
1024 4252 1071 4315 καὶ
1100 4252 1267 4330 Ἀμμώνιος
1297 4258 1350 4316 τοῦ

199 4353 366 4437 Στεφάνου,
382 4353 403 4399 *
417 4353 439 4394 ⁴*
455 4354 475 4400 ’¹‘
491 4357 540 4420 καὶ
555 4361 642 4420 τοῦτο
657 4359 690 4420 δὲ
705 4354 804 4419 ύπίδοι
821 4380 875 4430 τις,
891 4357 996 4438 ὥσπερ
1009 4356 1193 4437 προείρηται.
1230 4358 1246 4419 ὁ
1262 4357 1350 4438 γενό·

197 4482 288 4543 μενος
310 4458 512 4543 ὀστρακισμὸς
534 4459 674 4543 ἐμφαίνει
695 4464 748 4524 τδν
772 4458 931 4538 Μελησίαν
956 4455 1077 4523 καὶτὸν
1100 4458 1349 4545 ὀστρακισθέντα.
